  <div class='ocr_page' id='page_1' title='image "/cluster/home/n/w/nwhite01/storage/ocr_20150623/19/nnc1.0037127454/709.png"; bbox 0 0 4022 6398; ppageno 0'>
   <div class='ocr_carea' id='block_1_1' title="bbox 578 391 3853 459">
    <p class='ocr_par' dir='ltr' id='par_1_1' title="bbox 578 391 3853 459">
     <span class='ocr_line' id='line_1_1' title="bbox 578 391 3853 459; baseline -0.003 -2"><span class='ocrx_word' id='word_1_1' title='bbox 578 401 717 459; x_wconf 73' lang='grc'><strong>1575</strong></span> <span class='ocrx_word' id='word_1_2' title='bbox 1553 403 1644 456; x_wconf 90' lang='lat' dir='ltr'><strong>AD</strong></span> <span class='ocrx_word' id='word_1_3' title='bbox 1682 400 1947 458; x_wconf 82' lang='lat' dir='ltr'><strong>EUSEBH</strong></span> <span class='ocrx_word' id='word_1_4' title='bbox 1982 399 2370 458; x_wconf 81' lang='lat' dir='ltr'><strong>CHHONICON</strong></span> <span class='ocrx_word' id='word_1_5' title='bbox 2409 396 2768 456; x_wconf 71' lang='lat' dir='ltr'><strong>APPENDlX&#39;.</strong></span> <span class='ocrx_word' id='word_1_6' title='bbox 3667 391 3853 458; x_wconf 53' lang='lat'><strong>1376</strong></span> 
     </span>
    </p>
   </div>
   <div class='ocr_carea' id='block_1_2' title="bbox 577 505 3844 586">
    <p class='ocr_par' dir='ltr' id='par_1_2' title="bbox 577 505 3844 586">
     <span class='ocr_line' id='line_1_2' title="bbox 577 505 3844 586; baseline -0.003 -15"><span class='ocrx_word' id='word_1_7' title='bbox 577 516 778 572; x_wconf 76' lang='lat' dir='ltr'><strong>tuenda</strong></span> <span class='ocrx_word' id='word_1_8' title='bbox 830 517 1150 573; x_wconf 65' lang='lat' dir='ltr'><strong>admissurae</strong></span> <span class='ocrx_word' id='word_1_9' title='bbox 1198 515 1483 586; x_wconf 89' lang='lat' dir='ltr'><strong>utriusque</strong></span> <span class='ocrx_word' id='word_1_10' title='bbox 1549 523 1872 586; x_wconf 76' lang='lat' dir='ltr'><strong>tempestate</strong></span> <span class='ocrx_word' id='word_1_11' title='bbox 1935 517 2144 570; x_wconf 81' lang='lat' dir='ltr'><strong>variant</strong></span> <span class='ocrx_word' id='word_1_12' title='bbox 2175 520 2219 576; x_wconf 78' lang='grc' dir='ltr'><strong>Α</strong></span> <span class='ocrx_word' id='word_1_13' title='bbox 2245 529 2424 568; x_wconf 86' lang='lat' dir='ltr'><strong>annus</strong></span> <span class='ocrx_word' id='word_1_14' title='bbox 2446 520 2532 568; x_wconf 89' lang='lat' dir='ltr'><strong>est</strong></span> <span class='ocrx_word' id='word_1_15' title='bbox 2563 511 2700 566; x_wconf 90' lang='lat' dir='ltr'><strong>dies.</strong></span> <span class='ocrx_word' id='word_1_16' title='bbox 2741 507 2914 578; x_wconf 83' lang='lat' dir='ltr'><strong>Cujus</strong></span> <span class='ocrx_word' id='word_1_17' title='bbox 2952 506 3095 562; x_wconf 85' lang='lat' dir='ltr'><strong>ver-is</strong></span> <span class='ocrx_word' id='word_1_18' title='bbox 3137 505 3309 561; x_wconf 81' lang='lat' dir='ltr'><strong>instar</strong></span> <span class='ocrx_word' id='word_1_19' title='bbox 3343 512 3428 562; x_wconf 88' lang='lat' dir='ltr'><strong>est</strong></span> <span class='ocrx_word' id='word_1_20' title='bbox 3454 519 3645 566; x_wconf 89' lang='lat' dir='ltr'><strong>mane,</strong></span> <span class='ocrx_word' id='word_1_21' title='bbox 3677 506 3844 573; x_wconf 85' lang='lat' dir='ltr'><strong>quod</strong></span> 
     </span>
    </p>
   </div>
   <div class='ocr_carea' id='block_1_3' title="bbox 579 597 3850 678">
    <p class='ocr_par' dir='ltr' id='par_1_3' title="bbox 579 597 3850 678">
     <span class='ocr_line' id='line_1_3' title="bbox 579 597 3850 678; baseline -0.004 -16"><span class='ocrx_word' id='word_1_22' title='bbox 579 616 847 664; x_wconf 73' lang='lat' dir='ltr'><strong>auctores.</strong></span> <span class='ocrx_word' id='word_1_23' title='bbox 879 607 1012 662; x_wconf 91' lang='lat' dir='ltr'><strong>Nam</strong></span> <span class='ocrx_word' id='word_1_24' title='bbox 1053 609 1142 662; x_wconf 90' lang='lat' dir='ltr'><strong>alii</strong></span> <span class='ocrx_word' id='word_1_25' title='bbox 1176 608 1553 678; x_wconf 83' lang='lat' dir='ltr'><strong>tempestivam</strong></span> <span class='ocrx_word' id='word_1_26' title='bbox 1596 624 1716 663; x_wconf 86' lang='lat' dir='ltr'><strong>esse</strong></span> <span class='ocrx_word' id='word_1_27' title='bbox 1764 617 1955 678; x_wconf 89' lang='lat' dir='ltr'><strong>putant</strong></span> <span class='ocrx_word' id='word_1_28' title='bbox 1996 624 2138 671; x_wconf 87' lang='lat' dir='ltr'><strong>eam,</strong></span> <span class='ocrx_word' id='word_1_29' title='bbox 2241 612 2356 658; x_wconf 94' lang='lat' dir='ltr'><strong>tum</strong></span> <span class='ocrx_word' id='word_1_30' title='bbox 2405 620 2498 659; x_wconf 87' lang='lat' dir='ltr'><strong>aer</strong></span> <span class='ocrx_word' id='word_1_31' title='bbox 2547 608 2878 671; x_wconf 85' lang='lat' dir='ltr'><strong>temperatus</strong></span> <span class='ocrx_word' id='word_1_32' title='bbox 2930 598 3040 664; x_wconf 87' lang='lat' dir='ltr'><strong>sit;</strong></span> <span class='ocrx_word' id='word_1_33' title='bbox 3095 597 3352 653; x_wconf 87' lang='lat' dir='ltr'><strong>meridies</strong></span> <span class='ocrx_word' id='word_1_34' title='bbox 3386 597 3603 652; x_wconf 68' lang='lat' dir='ltr'><strong>aestatis</strong></span> <span class='ocrx_word' id='word_1_35' title='bbox 3655 598 3850 650; x_wconf 81' lang='lat' dir='ltr'><strong>instar</strong></span> 
     </span>
    </p>
   </div>
   <div class='ocr_carea' id='block_1_4' title="bbox 577 687 3844 768">
    <p class='ocr_par' dir='ltr' id='par_1_4' title="bbox 577 687 3844 768">
     <span class='ocr_line' id='line_1_4' title="bbox 577 687 3844 768; baseline -0.004 -16"><span class='ocrx_word' id='word_1_36' title='bbox 577 716 699 768; x_wconf 64' lang='lat' dir='ltr'><strong>qua)</strong></span> <span class='ocrx_word' id='word_1_37' title='bbox 743 715 868 754; x_wconf 91' lang='lat' dir='ltr'><strong>vere</strong></span> <span class='ocrx_word' id='word_1_38' title='bbox 921 700 976 752; x_wconf 83' lang='lat' dir='ltr'><strong>ﬁt</strong></span> <span class='ocrx_word' id='word_1_39' title='bbox 1017 719 1029 753; x_wconf 91' lang='lat'><strong>:</strong></span> <span class='ocrx_word' id='word_1_40' title='bbox 1071 700 1402 763; x_wconf 86' lang='lat' dir='ltr'><strong>serotinam,</strong></span> <span class='ocrx_word' id='word_1_41' title='bbox 1443 701 1834 756; x_wconf 79' lang='lat' dir='ltr'><strong>autumnalem.</strong></span> <span class='ocrx_word' id='word_1_42' title='bbox 1875 703 1952 754; x_wconf 85' lang='lat' dir='ltr'><strong>Ita</strong></span> <span class='ocrx_word' id='word_1_43' title='bbox 1991 702 2142 756; x_wconf 79' lang='lat' dir='ltr'><strong>Aben</strong></span> <span class='ocrx_word' id='word_1_44' title='bbox 2241 701 2363 759; x_wconf 88' lang='lat' dir='ltr'><strong>est;</strong></span> <span class='ocrx_word' id='word_1_45' title='bbox 2411 701 2674 747; x_wconf 83' lang='lat' dir='ltr'><strong>autumno</strong></span> <span class='ocrx_word' id='word_1_46' title='bbox 2722 689 3150 759; x_wconf 88' lang='lat' dir='ltr'><strong>pomeridianum</strong></span> <span class='ocrx_word' id='word_1_47' title='bbox 3207 695 3420 757; x_wconf 87' lang='lat' dir='ltr'><strong>tempus</strong></span> <span class='ocrx_word' id='word_1_48' title='bbox 3473 687 3660 740; x_wconf 83' lang='lat' dir='ltr'><strong>simile</strong></span> <span class='ocrx_word' id='word_1_49' title='bbox 3717 696 3844 752; x_wconf 88' lang='lat' dir='ltr'><strong>est;</strong></span> 
     </span>
    </p>
   </div>
   <div class='ocr_carea' id='block_1_5' title="bbox 578 778 3847 860">
    <p class='ocr_par' dir='ltr' id='par_1_5' title="bbox 578 778 3847 860">
     <span class='ocr_line' id='line_1_5' title="bbox 578 778 3847 860; baseline -0.004 -16"><span class='ocrx_word' id='word_1_50' title='bbox 578 791 738 854; x_wconf 83' lang='lat' dir='ltr'><strong>Ezra,</strong></span> <span class='ocrx_word' id='word_1_51' title='bbox 777 793 974 860; x_wconf 88' lang='lat' dir='ltr'><strong>aliique</strong></span> <span class='ocrx_word' id='word_1_52' title='bbox 1010 807 1076 845; x_wconf 76' lang='lat' dir='ltr'><strong>ex</strong></span> <span class='ocrx_word' id='word_1_53' title='bbox 1105 790 1364 855; x_wconf 73' lang='lat' dir='ltr'><strong>llebrmis,</strong></span> <span class='ocrx_word' id='word_1_54' title='bbox 1396 807 1534 860; x_wconf 91' lang='lat' dir='ltr'><strong>quos</strong></span> <span class='ocrx_word' id='word_1_55' title='bbox 1563 791 1893 853; x_wconf 78' lang='lat' dir='ltr'><strong>Munsterus,</strong></span> <span class='ocrx_word' id='word_1_56' title='bbox 1922 792 2140 860; x_wconf 86' lang='lat' dir='ltr'><strong>Fagius,</strong></span> <span class='ocrx_word' id='word_1_57' title='bbox 2242 784 2438 839; x_wconf 84' lang='lat' dir='ltr'><strong>hiemis</strong></span> <span class='ocrx_word' id='word_1_58' title='bbox 2467 785 2640 838; x_wconf 88' lang='lat' dir='ltr'><strong>instar</strong></span> <span class='ocrx_word' id='word_1_59' title='bbox 2672 782 2848 837; x_wconf 86' lang='lat' dir='ltr'><strong>tristis</strong></span> <span class='ocrx_word' id='word_1_60' title='bbox 2876 787 2959 835; x_wconf 90' lang='lat' dir='ltr'><strong>est</strong></span> <span class='ocrx_word' id='word_1_61' title='bbox 3001 794 3248 849; x_wconf 87' lang='lat' dir='ltr'><strong>vespera,</strong></span> <span class='ocrx_word' id='word_1_62' title='bbox 3281 792 3335 833; x_wconf 72' lang='lat' dir='ltr'><strong>es</strong></span> <span class='ocrx_word' id='word_1_63' title='bbox 3371 778 3515 853; x_wconf 80' lang='lat' dir='ltr'><strong>quod</strong></span> <span class='ocrx_word' id='word_1_64' title='bbox 3561 778 3847 848; x_wconf 84' lang='lat' dir='ltr'><strong>deinceps</strong></span> 
     </span>
    </p>
   </div>
   <div class='ocr_carea' id='block_1_6' title="bbox 579 877 2587 950">
    <p class='ocr_par' dir='ltr' id='par_1_6' title="bbox 579 877 2587 950">
     <span class='ocr_line' id='line_1_6' title="bbox 579 877 2587 950; baseline -0.002 -16"><span class='ocrx_word' id='word_1_65' title='bbox 579 878 850 935; x_wconf 80' lang='lat' dir='ltr'><strong>Mercerus</strong></span> <span class='ocrx_word' id='word_1_66' title='bbox 898 890 1222 950; x_wconf 88' lang='lat' dir='ltr'><strong>sequuntur,</strong></span> <span class='ocrx_word' id='word_1_67' title='bbox 1275 898 1342 936; x_wconf 70' lang='lat' dir='ltr'><strong>ex</strong></span> <span class='ocrx_word' id='word_1_68' title='bbox 1375 883 1578 938; x_wconf 85' lang='lat' dir='ltr'><strong>nostris</strong></span> <span class='ocrx_word' id='word_1_69' title='bbox 1620 881 1899 938; x_wconf 87' lang='lat' dir='ltr'><strong>Perrerius</strong></span> <span class='ocrx_word' id='word_1_70' title='bbox 1939 893 1993 938; x_wconf 90' lang='lat' dir='ltr'><strong>et</strong></span> <span class='ocrx_word' id='word_1_71' title='bbox 2023 882 2145 938; x_wconf 90' lang='lat' dir='ltr'><strong>Del-</strong></span> <span class='ocrx_word' id='word_1_72' title='bbox 2248 877 2518 946; x_wconf 87' lang='lat' dir='ltr'><strong>sequitur.</strong></span> <span class='ocrx_word' id='word_1_73' title='bbox 2569 895 2587 927; x_wconf 74' lang='grc' dir='ltr'>ι</span> 
     </span>
    </p>
   </div>
   <div class='ocr_carea' id='block_1_7' title="bbox 576 958 3844 1042">
    <p class='ocr_par' dir='ltr' id='par_1_7' title="bbox 576 958 3844 1042">
     <span class='ocr_line' id='line_1_7' title="bbox 576 958 3844 1042; baseline -0.001 -18"><span class='ocrx_word' id='word_1_74' title='bbox 576 973 712 1025; x_wconf 92' lang='lat' dir='ltr'><strong>rius.</strong></span> <span class='ocrx_word' id='word_1_75' title='bbox 769 971 873 1024; x_wconf 84' lang='lat' dir='ltr'><strong>Alii</strong></span> <span class='ocrx_word' id='word_1_76' title='bbox 926 980 1118 1026; x_wconf 87' lang='lat' dir='ltr'><strong>contra</strong></span> <span class='ocrx_word' id='word_1_77' title='bbox 1177 981 1554 1042; x_wconf 80' lang='lat' dir='ltr'><strong>tempestivam</strong></span> <span class='ocrx_word' id='word_1_78' title='bbox 1618 974 1976 1029; x_wconf 87' lang='lat' dir='ltr'><strong>admissuram</strong></span> <span class='ocrx_word' id='word_1_79' title='bbox 2051 989 2146 1028; x_wconf 93' lang='lat' dir='ltr'><strong>au-</strong></span> <span class='ocrx_word' id='word_1_80' title='bbox 2317 966 2441 1020; x_wconf 67' lang='lat' dir='ltr'><strong>Haec</strong></span> <span class='ocrx_word' id='word_1_81' title='bbox 2469 972 2692 1035; x_wconf 65' lang='lat' dir='ltr'><strong>propter</strong></span> <span class='ocrx_word' id='word_1_82' title='bbox 2733 976 2989 1018; x_wconf 72' lang='lat' dir='ltr'><strong>occasum</strong></span> <span class='ocrx_word' id='word_1_83' title='bbox 3032 960 3250 1014; x_wconf 74' lang='lat' dir='ltr'><strong>Al‘ClUl&#39;i</strong></span> <span class='ocrx_word' id='word_1_84' title='bbox 3310 969 3364 1014; x_wconf 61' lang='lat' dir='ltr'><strong>et</strong></span> <span class='ocrx_word' id='word_1_85' title='bbox 3397 958 3616 1029; x_wconf 76' lang='lat' dir='ltr'><strong>Aquilae</strong></span> <span class='ocrx_word' id='word_1_86' title='bbox 3665 961 3844 1030; x_wconf 67' lang='lat' dir='ltr'><strong>paulo</strong></span> 
     </span>
    </p>
   </div>
   <div class='ocr_carea' id='block_1_8' title="bbox 577 1049 2143 1127">
    <p class='ocr_par' dir='ltr' id='par_1_8' title="bbox 577 1065 2143 1127">
     <span class='ocr_line' id='line_1_8' title="bbox 577 1065 2143 1127; baseline 0.001 -9"><span class='ocrx_word' id='word_1_87' title='bbox 577 1074 787 1127; x_wconf 89' lang='lat' dir='ltr'><strong>tumno,</strong></span> <span class='ocrx_word' id='word_1_88' title='bbox 817 1065 1113 1118; x_wconf 87' lang='lat' dir='ltr'><strong>serotinam</strong></span> <span class='ocrx_word' id='word_1_89' title='bbox 1145 1080 1270 1119; x_wconf 91' lang='lat' dir='ltr'><strong>vere</strong></span> <span class='ocrx_word' id='word_1_90' title='bbox 1306 1065 1504 1119; x_wconf 80' lang='lat' dir='ltr'><strong>factam</strong></span> <span class='ocrx_word' id='word_1_91' title='bbox 1545 1066 1896 1120; x_wconf 90' lang='lat' dir='ltr'><strong>arbitrantur.</strong></span> <span class='ocrx_word' id='word_1_92' title='bbox 1933 1065 2009 1120; x_wconf 89' lang='lat' dir='ltr'><strong>Ita</strong></span> <span class='ocrx_word' id='word_1_93' title='bbox 2041 1065 2143 1120; x_wconf 72' lang='lat' dir='ltr'><strong>Va-</strong></span> 
     </span>
    </p>
   </div>
   <div class='ocr_carea' id='block_1_9' title="bbox 2235 1049 3843 1127">
    <p class='ocr_par' dir='ltr' id='par_1_9' title="bbox 2249 1049 3843 1126">
     <span class='ocr_line' id='line_1_9' title="bbox 2249 1049 3843 1126; baseline -0.006 -14"><span class='ocrx_word' id='word_1_94' title='bbox 2249 1065 2378 1112; x_wconf 89' lang='lat' dir='ltr'><strong>sunt</strong></span> <span class='ocrx_word' id='word_1_95' title='bbox 2404 1057 2682 1126; x_wconf 80' lang='lat' dir='ltr'><strong>disputata</strong></span> <span class='ocrx_word' id='word_1_96' title='bbox 2722 1053 2919 1107; x_wconf 81' lang='lat' dir='ltr'><strong>fusius.</strong></span> <span class='ocrx_word' id='word_1_97' title='bbox 2950 1051 3028 1104; x_wconf 86' lang='lat' dir='ltr'><strong>Ac</strong></span> <span class='ocrx_word' id='word_1_98' title='bbox 3057 1050 3123 1105; x_wconf 89' lang='lat' dir='ltr'><strong>de</strong></span> <span class='ocrx_word' id='word_1_99' title='bbox 3156 1049 3392 1104; x_wconf 87' lang='lat' dir='ltr'><strong>methodi</strong></span> <span class='ocrx_word' id='word_1_100' title='bbox 3423 1066 3528 1104; x_wconf 91' lang='lat' dir='ltr'><strong>usu</strong></span> <span class='ocrx_word' id='word_1_101' title='bbox 3563 1058 3620 1104; x_wconf 89' lang='lat' dir='ltr'><strong>et</strong></span> <span class='ocrx_word' id='word_1_102' title='bbox 3644 1065 3843 1104; x_wconf 72' lang='lat' dir='ltr'><strong>exem-</strong></span> 
     </span>
    </p>
   </div>
   <div class='ocr_carea' id='block_1_10' title="bbox 576 1141 2143 1229">
    <p class='ocr_par' dir='ltr' id='par_1_10' title="bbox 576 1156 2143 1229">
     <span class='ocr_line' id='line_1_10' title="bbox 576 1156 2143 1229; baseline 0.004 -21"><span class='ocrx_word' id='word_1_103' title='bbox 576 1156 913 1212; x_wconf 86' lang='lat' dir='ltr'><strong>tahlus.Nce</strong></span> <span class='ocrx_word' id='word_1_104' title='bbox 957 1158 1115 1212; x_wconf 90' lang='lat' dir='ltr'><strong>aliter</strong></span> <span class='ocrx_word' id='word_1_105' title='bbox 1141 1166 1364 1214; x_wconf 81' lang='lat' dir='ltr'><strong>sanctus</strong></span> <span class='ocrx_word' id='word_1_106' title='bbox 1417 1157 1778 1229; x_wconf 85' lang='lat' dir='ltr'><strong>Hieronymus</strong></span> <span class='ocrx_word' id='word_1_107' title='bbox 1823 1160 1878 1212; x_wconf 92' lang='lat' dir='ltr'><strong>in</strong></span> <span class='ocrx_word' id='word_1_108' title='bbox 1916 1158 2143 1224; x_wconf 82' lang='lat' dir='ltr'><strong>Tradit.,</strong></span> 
     </span>
    </p>
   </div>
   <div class='ocr_carea' id='block_1_11' title="bbox 2235 1141 3844 1229">
    <p class='ocr_par' dir='ltr' id='par_1_11' title="bbox 2248 1141 3844 1220">
     <span class='ocr_line' id='line_1_11' title="bbox 2248 1141 3844 1220; baseline -0.005 -18"><span class='ocrx_word' id='word_1_109' title='bbox 2248 1151 2352 1220; x_wconf 91' lang='lat' dir='ltr'><strong>plis</strong></span> <span class='ocrx_word' id='word_1_110' title='bbox 2387 1150 2689 1202; x_wconf 90' lang='lat' dir='ltr'><strong>hactenus:</strong></span> <span class='ocrx_word' id='word_1_111' title='bbox 2734 1159 2965 1214; x_wconf 89' lang='lat' dir='ltr'><strong>quorum</strong></span> <span class='ocrx_word' id='word_1_112' title='bbox 3005 1142 3258 1196; x_wconf 87' lang='lat' dir='ltr'><strong>tractatio</strong></span> <span class='ocrx_word' id='word_1_113' title='bbox 3294 1157 3416 1194; x_wconf 90' lang='lat' dir='ltr'><strong>cum</strong></span> <span class='ocrx_word' id='word_1_114' title='bbox 3460 1142 3527 1195; x_wconf 90' lang='lat' dir='ltr'><strong>ad</strong></span> <span class='ocrx_word' id='word_1_115' title='bbox 3564 1141 3844 1194; x_wconf 86' lang='lat' dir='ltr'><strong>imitatio-</strong></span> 
     </span>
    </p>
   </div>
   <div class='ocr_carea' id='block_1_12' title="bbox 575 1233 3843 1322">
    <p class='ocr_par' dir='ltr' id='par_1_12' title="bbox 575 1233 3843 1322">
     <span class='ocr_line' id='line_1_12' title="bbox 575 1233 3843 1322; baseline -0.002 -18"><span class='ocrx_word' id='word_1_116' title='bbox 575 1250 622 1304; x_wconf 89' lang='lat' dir='ltr'><strong>si</strong></span> <span class='ocrx_word' id='word_1_117' title='bbox 667 1250 789 1319; x_wconf 89' lang='lat' dir='ltr'><strong>ejus</strong></span> <span class='ocrx_word' id='word_1_118' title='bbox 835 1250 996 1304; x_wconf 84' lang='lat' dir='ltr'><strong>verba</strong></span> <span class='ocrx_word' id='word_1_119' title='bbox 1034 1251 1321 1321; x_wconf 79' lang='lat' dir='ltr'><strong>diligenter</strong></span> <span class='ocrx_word' id='word_1_120' title='bbox 1371 1252 1701 1306; x_wconf 89' lang='lat' dir='ltr'><strong>attendimus</strong></span> <span class='ocrx_word' id='word_1_121' title='bbox 1735 1270 1746 1306; x_wconf 92' lang='lat'>:</span> <span class='ocrx_word' id='word_1_122' title='bbox 1783 1270 1802 1302; x_wconf 75' lang='grc' dir='ltr'>ι</span> <span class='ocrx_word' id='word_1_123' title='bbox 1839 1252 1895 1306; x_wconf 85' lang='lat' dir='ltr'><strong>Si</strong></span> <span class='ocrx_word' id='word_1_124' title='bbox 1931 1252 2150 1322; x_wconf 88' lang='lat' dir='ltr'><strong>quando</strong></span> <span class='ocrx_word' id='word_1_125' title='bbox 2251 1258 2374 1296; x_wconf 66' lang='lat' dir='ltr'><strong>nem</strong></span> <span class='ocrx_word' id='word_1_126' title='bbox 2419 1239 2695 1310; x_wconf 77' lang='grc' dir='ltr'><strong>ΡΓοΡοείῑ³</strong></span> <span class='ocrx_word' id='word_1_127' title='bbox 2729 1237 3000 1291; x_wconf 62' lang='lat' dir='ltr'><strong>“mnibus</strong></span> <span class='ocrx_word' id='word_1_128' title='bbox 3048 1249 3169 1288; x_wconf 65' lang='lat'><strong>€559</strong></span> <span class='ocrx_word' id='word_1_129' title='bbox 3198 1233 3402 1294; x_wconf 53' lang='lat' dir='ltr'><strong>debui”</strong></span> <span class='ocrx_word' id='word_1_130' title='bbox 3437 1241 3555 1286; x_wconf 72' lang='grc' dir='ltr'><strong>ῑιιῐη</strong></span> <span class='ocrx_word' id='word_1_131' title='bbox 3595 1248 3843 1300; x_wconf 66' lang='lat' dir='ltr'><strong>sequen-</strong></span> 
     </span>
    </p>
   </div>
   <div class='ocr_carea' id='block_1_13' title="bbox 575 1322 3844 1414">
    <p class='ocr_par' dir='ltr' id='par_1_13' title="bbox 575 1322 3844 1414">
     <span class='ocr_line' id='line_1_13' title="bbox 575 1322 3844 1414; baseline -0.005 -20"><span class='ocrx_word' id='word_1_132' title='bbox 575 1358 706 1396; x_wconf 89' lang='lat' dir='ltr'><strong>oves</strong></span> <span class='ocrx_word' id='word_1_133' title='bbox 735 1349 788 1394; x_wconf 83' lang='lat' dir='ltr'><strong>et</strong></span> <span class='ocrx_word' id='word_1_134' title='bbox 815 1357 991 1412; x_wconf 72' lang='lat' dir='ltr'><strong>capra:</strong></span> <span class='ocrx_word' id='word_1_135' title='bbox 1039 1344 1215 1413; x_wconf 88' lang='lat' dir='ltr'><strong>primo</strong></span> <span class='ocrx_word' id='word_1_136' title='bbox 1249 1351 1494 1414; x_wconf 85' lang='lat' dir='ltr'><strong>tempore</strong></span> <span class='ocrx_word' id='word_1_137' title='bbox 1539 1343 1996 1407; x_wconf 72' lang='lat' dir='ltr'><strong>ascendebantur,</strong></span> <span class='ocrx_word' id='word_1_138' title='bbox 2023 1343 2150 1412; x_wconf 79' lang='lat' dir='ltr'><strong>quia</strong></span> <span class='ocrx_word' id='word_1_139' title='bbox 2251 1335 2398 1390; x_wconf 87' lang='lat' dir='ltr'><strong>tibus</strong></span> <span class='ocrx_word' id='word_1_140' title='bbox 2425 1334 2478 1387; x_wconf 95' lang='lat' dir='ltr'><strong>in</strong></span> <span class='ocrx_word' id='word_1_141' title='bbox 2515 1331 2687 1396; x_wconf 86' lang='lat' dir='ltr'><strong>libris,</strong></span> <span class='ocrx_word' id='word_1_142' title='bbox 2719 1343 2783 1384; x_wconf 89' lang='lat' dir='ltr'><strong>ac</strong></span> <span class='ocrx_word' id='word_1_143' title='bbox 2813 1325 3278 1398; x_wconf 89' lang='lat' dir='ltr'><strong>disputationibus</strong></span> <span class='ocrx_word' id='word_1_144' title='bbox 3311 1323 3464 1378; x_wconf 83' lang='lat' dir='ltr'><strong>utilis</strong></span> <span class='ocrx_word' id='word_1_145' title='bbox 3501 1332 3588 1378; x_wconf 86' lang='lat' dir='ltr'><strong>est</strong></span> <span class='ocrx_word' id='word_1_146' title='bbox 3619 1322 3844 1379; x_wconf 80' lang='lat' dir='ltr'><strong>futura.</strong></span> 
     </span>
    </p>
   </div>
   <div class='ocr_carea' id='block_1_14' title="bbox 576 1435 3212 1506">
    <p class='ocr_par' dir='ltr' id='par_1_14' title="bbox 576 1435 3212 1506">
     <span class='ocr_line' id='line_1_14' title="bbox 576 1435 3212 1506; baseline 0.002 -18"><span class='ocrx_word' id='word_1_147' title='bbox 576 1435 770 1488; x_wconf 89' lang='lat' dir='ltr'><strong>melior</strong></span> <span class='ocrx_word' id='word_1_148' title='bbox 793 1451 996 1490; x_wconf 90' lang='lat' dir='ltr'><strong>vernus</strong></span> <span class='ocrx_word' id='word_1_149' title='bbox 1029 1443 1113 1490; x_wconf 90' lang='lat' dir='ltr'><strong>est</strong></span> <span class='ocrx_word' id='word_1_150' title='bbox 1147 1435 1311 1499; x_wconf 88' lang='lat' dir='ltr'><strong>fetus,</strong></span> <span class='ocrx_word' id='word_1_151' title='bbox 1347 1443 1474 1491; x_wconf 88' lang='lat' dir='ltr'><strong>ante</strong></span> <span class='ocrx_word' id='word_1_152' title='bbox 1510 1436 1656 1505; x_wconf 90' lang='lat' dir='ltr'><strong>ipsas</strong></span> <span class='ocrx_word' id='word_1_153' title='bbox 1688 1437 1924 1506; x_wconf 89' lang='lat' dir='ltr'><strong>ponebat</strong></span> <span class='ocrx_word' id='word_1_154' title='bbox 1950 1437 2149 1506; x_wconf 81' lang='lat' dir='ltr'><strong>virgas,</strong></span> <span class='ocrx_word' id='word_1_155' title='bbox 2859 1439 3085 1498; x_wconf 84' lang='lat' dir='ltr'><strong>CAPUT</strong></span> <span class='ocrx_word' id='word_1_156' title='bbox 3125 1439 3212 1494; x_wconf 81' lang='lat' dir='ltr'><strong>IX.</strong></span> 
     </span>
    </p>
   </div>
   <div class='ocr_carea' id='block_1_15' title="bbox 577 1526 2143 1621">
    <p class='ocr_par' dir='ltr' id='par_1_15' title="bbox 577 1526 2143 1598">
     <span class='ocr_line' id='line_1_15' title="bbox 577 1526 2143 1598; baseline 0.001 -19"><span class='ocrx_word' id='word_1_157' title='bbox 577 1533 636 1579; x_wconf 92' lang='lat' dir='ltr'><strong>ut</strong></span> <span class='ocrx_word' id='word_1_158' title='bbox 658 1526 807 1579; x_wconf 88' lang='lat' dir='ltr'><strong>varia</strong></span> <span class='ocrx_word' id='word_1_159' title='bbox 844 1527 1059 1582; x_wconf 81' lang='lat' dir='ltr'><strong>soboles</strong></span> <span class='ocrx_word' id='word_1_160' title='bbox 1092 1537 1426 1582; x_wconf 88' lang='lat' dir='ltr'><strong>nasceretur.</strong></span> <span class='ocrx_word' id='word_1_161' title='bbox 1466 1547 1484 1578; x_wconf 70' lang='grc' dir='ltr'><strong>ι</strong></span> <span class='ocrx_word' id='word_1_162' title='bbox 1516 1526 1730 1583; x_wconf 81' lang='lat' dir='ltr'><strong>Vcrnus</strong></span> <span class='ocrx_word' id='word_1_163' title='bbox 1767 1527 1908 1583; x_wconf 90' lang='lat' dir='ltr'><strong>fetus</strong></span> <span class='ocrx_word' id='word_1_164' title='bbox 1943 1536 2026 1582; x_wconf 90' lang='lat' dir='ltr'><strong>est</strong></span> <span class='ocrx_word' id='word_1_165' title='bbox 2059 1529 2143 1598; x_wconf 90' lang='lat' dir='ltr'><strong>qui</strong></span> 
     </span>
    </p>
   </div>
   <div class='ocr_carea' id='block_1_16' title="bbox 2235 1526 3841 1621">
    <p class='ocr_par' dir='ltr' id='par_1_16' title="bbox 2259 1548 3841 1621">
     <span class='ocr_line' id='line_1_16' title="bbox 2259 1548 3841 1621; baseline -0.009 -10"><span class='ocrx_word' id='word_1_166' title='bbox 2259 1557 2329 1611; x_wconf 84' lang='lat' dir='ltr'><strong>De</strong></span> <span class='ocrx_word' id='word_1_167' title='bbox 2371 1566 2490 1611; x_wconf 89' lang='lat' dir='ltr'><strong>ortu</strong></span> <span class='ocrx_word' id='word_1_168' title='bbox 2526 1564 2575 1610; x_wconf 86' lang='lat' dir='ltr'><strong>et</strong></span> <span class='ocrx_word' id='word_1_169' title='bbox 2616 1571 2804 1608; x_wconf 82' lang='lat' dir='ltr'><strong>occasu</strong></span> <span class='ocrx_word' id='word_1_170' title='bbox 2843 1552 3191 1621; x_wconf 79' lang='lat' dir='ltr'><strong>Vergiliarum</strong></span> <span class='ocrx_word' id='word_1_171' title='bbox 3242 1548 3841 1621; x_wconf 14' lang='grc' dir='ltr'><strong>ρπριὶεοῃιωξᾲοα-ᾳιῳ</strong></span> 
     </span>
    </p>
   </div>
   <div class='ocr_carea' id='block_1_17' title="bbox 574 1617 3837 1695">
    <p class='ocr_par' dir='ltr' id='par_1_17' title="bbox 574 1617 3837 1695">
     <span class='ocr_line' id='line_1_17' title="bbox 574 1617 3837 1695; baseline 0 -24"><span class='ocrx_word' id='word_1_172' title='bbox 574 1634 704 1674; x_wconf 91' lang='lat' dir='ltr'><strong>vere</strong></span> <span class='ocrx_word' id='word_1_173' title='bbox 747 1621 1017 1673; x_wconf 89' lang='lat' dir='ltr'><strong>nascitur.</strong></span> <span class='ocrx_word' id='word_1_174' title='bbox 1057 1618 1212 1674; x_wconf 86' lang='lat' dir='ltr'><strong>Hunc</strong></span> <span class='ocrx_word' id='word_1_175' title='bbox 1265 1635 1396 1691; x_wconf 90' lang='lat' dir='ltr'><strong>ergo</strong></span> <span class='ocrx_word' id='word_1_176' title='bbox 1447 1621 1623 1675; x_wconf 89' lang='lat' dir='ltr'><strong>hieme</strong></span> <span class='ocrx_word' id='word_1_177' title='bbox 1670 1622 1909 1686; x_wconf 88' lang='lat' dir='ltr'><strong>ineunte,</strong></span> <span class='ocrx_word' id='word_1_178' title='bbox 1937 1622 2020 1675; x_wconf 87' lang='lat' dir='ltr'><strong>vel</strong></span> <span class='ocrx_word' id='word_1_179' title='bbox 2058 1637 2155 1675; x_wconf 91' lang='lat' dir='ltr'><strong>au-</strong></span> <span class='ocrx_word' id='word_1_180' title='bbox 2325 1628 2388 1679; x_wconf 89' lang='lat' dir='ltr'><strong>ab</strong></span> <span class='ocrx_word' id='word_1_181' title='bbox 2421 1626 2650 1695; x_wconf 78' lang='lat' dir='ltr'><strong>antiquis</strong></span> <span class='ocrx_word' id='word_1_182' title='bbox 2679 1617 2960 1695; x_wconf 52' lang='lat' dir='ltr'><strong>memoriis:</strong></span> <span class='ocrx_word' id='word_1_183' title='bbox 2976 1629 3096 1695; x_wconf 79' lang='lat' dir='ltr'><strong>sunt</strong></span> <span class='ocrx_word' id='word_1_184' title='bbox 3136 1621 3365 1686; x_wconf 84' lang='lat' dir='ltr'><strong>prodita.</strong></span> <span class='ocrx_word' id='word_1_185' title='bbox 3413 1617 3630 1695; x_wconf 71' lang='lat' dir='ltr'><strong>Virgilii</strong></span> <span class='ocrx_word' id='word_1_186' title='bbox 3658 1619 3731 1695; x_wconf 59' lang='lat' dir='ltr'><strong>de</strong></span> <span class='ocrx_word' id='word_1_187' title='bbox 3773 1620 3837 1671; x_wconf 79' lang='lat' dir='ltr'><strong>iis</strong></span> 
     </span>
    </p>
   </div>
   <div class='ocr_carea' id='block_1_18' title="bbox 575 1689 3838 1782">
    <p class='ocr_par' dir='ltr' id='par_1_18' title="bbox 575 1689 3838 1782">
     <span class='ocr_line' id='line_1_18' title="bbox 575 1689 3838 1782; baseline -0.003 -19"><span class='ocrx_word' id='word_1_188' title='bbox 575 1720 764 1766; x_wconf 93' lang='lat' dir='ltr'><strong>tumno</strong></span> <span class='ocrx_word' id='word_1_189' title='bbox 791 1711 1074 1765; x_wconf 82' lang='lat' dir='ltr'><strong>desinente</strong></span> <span class='ocrx_word' id='word_1_190' title='bbox 1103 1712 1248 1781; x_wconf 80' lang='lat' dir='ltr'><strong>gigni</strong></span> <span class='ocrx_word' id='word_1_191' title='bbox 1291 1689 1553 1782; x_wconf 85' lang='lat' dir='ltr'><strong>oportuit.</strong></span> <span class='ocrx_word' id='word_1_192' title='bbox 1590 1711 1731 1766; x_wconf 85' lang='lat' dir='ltr'><strong>Oves</strong></span> <span class='ocrx_word' id='word_1_193' title='bbox 1758 1713 1900 1766; x_wconf 87' lang='lat' dir='ltr'><strong>enim</strong></span> <span class='ocrx_word' id='word_1_194' title='bbox 1932 1720 2144 1767; x_wconf 87' lang='lat' dir='ltr'><strong>uterum</strong></span> <span class='ocrx_word' id='word_1_195' title='bbox 2323 1697 2467 1782; x_wconf 60' lang='lat' dir='ltr'><strong>“mf?</strong></span> <span class='ocrx_word' id='word_1_196' title='bbox 2497 1689 2898 1782; x_wconf 67' lang='grc' dir='ltr'><strong>ίιξςκινίεαὺειίε·</strong></span> <span class='ocrx_word' id='word_1_197' title='bbox 2918 1690 3158 1760; x_wconf 62' lang='lat' dir='ltr'><strong>“mque</strong></span> <span class='ocrx_word' id='word_1_198' title='bbox 3183 1697 3417 1742; x_wconf 70' lang='grc' dir='ltr'><strong>ααδ¹⁰ν⁶³</strong></span> <span class='ocrx_word' id='word_1_199' title='bbox 3445 1689 3710 1755; x_wconf 44' lang='lat' dir='ltr'><strong>“Ph-“‘5</strong></span> <span class='ocrx_word' id='word_1_200' title='bbox 3742 1697 3838 1739; x_wconf 68' lang='grc' dir='ltr'><strong>σει</strong></span> 
     </span>
    </p>
   </div>
   <div class='ocr_carea' id='block_1_19' title="bbox 576 1767 2589 1870">
    <p class='ocr_par' dir='ltr' id='par_1_19' title="bbox 576 1767 2589 1870">
     <span class='ocr_line' id='line_1_19' title="bbox 576 1767 2589 1870; baseline -0.004 -17"><span class='ocrx_word' id='word_1_201' title='bbox 576 1799 760 1854; x_wconf 91' lang='lat' dir='ltr'><strong>ferunt</strong></span> <span class='ocrx_word' id='word_1_202' title='bbox 809 1801 1087 1855; x_wconf 86' lang='lat' dir='ltr'><strong>mensibus</strong></span> <span class='ocrx_word' id='word_1_203' title='bbox 1103 1767 1384 1870; x_wconf 40' lang='lat' dir='ltr'><strong>“quinque,</strong></span> <span class='ocrx_word' id='word_1_204' title='bbox 1416 1803 1501 1854; x_wconf 88' lang='lat' dir='ltr'><strong>vel</strong></span> <span class='ocrx_word' id='word_1_205' title='bbox 1537 1801 1729 1856; x_wconf 90' lang='lat' dir='ltr'><strong>diebus</strong></span> <span class='ocrx_word' id='word_1_206' title='bbox 1765 1815 1871 1868; x_wconf 81' lang='lat' dir='ltr'><strong>CL;</strong></span> <span class='ocrx_word' id='word_1_207' title='bbox 1916 1808 1976 1855; x_wconf 92' lang='lat' dir='ltr'><strong>ut</strong></span> <span class='ocrx_word' id='word_1_208' title='bbox 2019 1801 2144 1855; x_wconf 84' lang='lat' dir='ltr'><strong>Ari-</strong></span> <span class='ocrx_word' id='word_1_209' title='bbox 2326 1767 2589 1836; x_wconf 60' lang='grc' dir='ltr'><strong>θαδίίθσεί·</strong></span> 
     </span>
    </p>
   </div>
   <div class='ocr_carea' id='block_1_20' title="bbox 575 1866 2143 1958">
    <p class='ocr_par' dir='ltr' id='par_1_20' title="bbox 575 1866 2142 1958">
     <span class='ocr_line' id='line_1_20' title="bbox 575 1866 2142 1958; baseline 0.002 -12"><span class='ocrx_word' id='word_1_210' title='bbox 575 1893 796 1947; x_wconf 90' lang='lat' dir='ltr'><strong>stoteles</strong></span> <span class='ocrx_word' id='word_1_211' title='bbox 843 1900 1032 1946; x_wconf 88' lang='lat' dir='ltr'><strong>auctor</strong></span> <span class='ocrx_word' id='word_1_212' title='bbox 1069 1866 1156 1948; x_wconf 80' lang='lat' dir='ltr'><strong>est</strong></span> <span class='ocrx_word' id='word_1_213' title='bbox 1197 1866 1380 1948; x_wconf 70' lang='lat' dir='ltr'><strong>lib.Vl</strong></span> <span class='ocrx_word' id='word_1_214' title='bbox 1429 1893 1571 1947; x_wconf 81' lang='lat' dir='ltr'><strong>Hist.</strong></span> <span class='ocrx_word' id='word_1_215' title='bbox 1608 1895 1795 1958; x_wconf 88' lang='lat' dir='ltr'><strong>anim.,</strong></span> <span class='ocrx_word' id='word_1_216' title='bbox 1835 1866 1889 1949; x_wconf 87' lang='lat' dir='ltr'><strong>et</strong></span> <span class='ocrx_word' id='word_1_217' title='bbox 1931 1893 2142 1950; x_wconf 82' lang='lat' dir='ltr'><strong>Plinius</strong></span> 
     </span>
    </p>
   </div>
   <div class='ocr_carea' id='block_1_21' title="bbox 2235 1866 3842 1958">
    <p class='ocr_par' dir='ltr' id='par_1_21' title="bbox 2313 1866 3842 1947">
     <span class='ocr_line' id='line_1_21' title="bbox 2313 1866 3842 1947; baseline -0.009 -15"><span class='ocrx_word' id='word_1_218' title='bbox 2313 1877 2594 1947; x_wconf 59' lang='lat' dir='ltr'><strong>Praecipua</strong></span> <span class='ocrx_word' id='word_1_219' title='bbox 2634 1875 2777 1946; x_wconf 91' lang='lat' dir='ltr'><strong>apud</strong></span> <span class='ocrx_word' id='word_1_220' title='bbox 2832 1866 3443 1943; x_wconf 65' lang='lat' dir='ltr'><strong>antiquos&#39;observatio</strong></span> <span class='ocrx_word' id='word_1_221' title='bbox 3487 1867 3598 1923; x_wconf 90' lang='lat' dir='ltr'><strong>fuit</strong></span> <span class='ocrx_word' id='word_1_222' title='bbox 3647 1867 3842 1938; x_wconf 80' lang='lat' dir='ltr'><strong>Vergi-</strong></span> 
     </span>
    </p>
   </div>
   <div class='ocr_carea' id='block_1_22' title="bbox 575 1960 3840 2040">
    <p class='ocr_par' dir='ltr' id='par_1_22' title="bbox 575 1960 3840 2040">
     <span class='ocr_line' id='line_1_22' title="bbox 575 1960 3840 2040; baseline -0.006 -6"><span class='ocrx_word' id='word_1_223' title='bbox 575 1981 698 2035; x_wconf 88' lang='lat' dir='ltr'><strong>loco</strong></span> <span class='ocrx_word' id='word_1_224' title='bbox 727 1982 820 2035; x_wconf 89' lang='lat' dir='ltr'><strong>cit.</strong></span> <span class='ocrx_word' id='word_1_225' title='bbox 2252 1971 2470 2033; x_wconf 89' lang='lat' dir='ltr'><strong>liarum,</strong></span> <span class='ocrx_word' id='word_1_226' title='bbox 2525 1984 2662 2040; x_wconf 87' lang='lat' dir='ltr'><strong>quas</strong></span> <span class='ocrx_word' id='word_1_227' title='bbox 2707 1965 2881 2021; x_wconf 49' lang='lat' dir='ltr'><strong>Graeci</strong></span> <span class='ocrx_word' id='word_1_228' title='bbox 2940 1963 3200 2026; x_wconf 85' lang='grc' dir='ltr'><strong>Πλεῖάδας</strong></span> <span class='ocrx_word' id='word_1_229' title='bbox 3251 1964 3543 2018; x_wconf 51' lang='lat' dir='ltr'><strong>dixerunt:</strong></span> <span class='ocrx_word' id='word_1_230' title='bbox 3587 1960 3735 2016; x_wconf 89' lang='lat' dir='ltr'><strong>adeo</strong></span> <span class='ocrx_word' id='word_1_231' title='bbox 3780 1969 3840 2013; x_wconf 86' lang='lat' dir='ltr'><strong>ut</strong></span> 
     </span>
    </p>
   </div>
   <div class='ocr_carea' id='block_1_23' title="bbox 647 2051 3835 2146">
    <p class='ocr_par' dir='ltr' id='par_1_23' title="bbox 647 2051 3835 2146">
     <span class='ocr_line' id='line_1_23' title="bbox 647 2051 3835 2146; baseline -0.002 -22"><span class='ocrx_word' id='word_1_232' title='bbox 647 2069 716 2124; x_wconf 89' lang='lat' dir='ltr'><strong>Ut</strong></span> <span class='ocrx_word' id='word_1_233' title='bbox 746 2070 871 2124; x_wconf 84' lang='lat' dir='ltr'><strong>huic</strong></span> <span class='ocrx_word' id='word_1_234' title='bbox 899 2071 1190 2142; x_wconf 87' lang='lat' dir='ltr'><strong>posteriori</strong></span> <span class='ocrx_word' id='word_1_235' title='bbox 1222 2070 1505 2126; x_wconf 71' lang='lat' dir='ltr'><strong>sententia:</strong></span> <span class='ocrx_word' id='word_1_236' title='bbox 1531 2071 1740 2128; x_wconf 87' lang='lat' dir='ltr'><strong>faveam</strong></span> <span class='ocrx_word' id='word_1_237' title='bbox 1770 2073 1950 2144; x_wconf 81' lang='lat' dir='ltr'><strong>potius</strong></span> <span class='ocrx_word' id='word_1_238' title='bbox 1979 2089 2142 2146; x_wconf 84' lang='lat' dir='ltr'><strong>quam</strong></span> <span class='ocrx_word' id='word_1_239' title='bbox 2252 2061 2322 2116; x_wconf 67' lang='lat' dir='ltr'><strong>ab</strong></span> <span class='ocrx_word' id='word_1_240' title='bbox 2348 2061 2456 2115; x_wconf 67' lang='lat' dir='ltr'><strong>illis</strong></span> <span class='ocrx_word' id='word_1_241' title='bbox 2484 2058 2682 2114; x_wconf 79' lang='grc' dir='ltr'>πλειὼν</span> <span class='ocrx_word' id='word_1_242' title='bbox 2711 2067 2939 2113; x_wconf 60' lang='lat' dir='ltr'><strong>Vocatus</strong></span> <span class='ocrx_word' id='word_1_243' title='bbox 2966 2057 3036 2146; x_wconf 40' lang='lat' dir='ltr'><strong>Si“</strong></span> <span class='ocrx_word' id='word_1_244' title='bbox 3069 2070 3264 2146; x_wconf 55' lang='lat' dir='ltr'><strong>anulis,</strong></span> <span class='ocrx_word' id='word_1_245' title='bbox 3288 2061 3348 2108; x_wconf 71' lang='grc' dir='ltr'><strong>ιη</strong></span> <span class='ocrx_word' id='word_1_246' title='bbox 3378 2051 3548 2107; x_wconf 59' lang='lat' dir='ltr'><strong>fere“</strong></span> <span class='ocrx_word' id='word_1_247' title='bbox 3781 2051 3835 2103; x_wconf 75' lang='grc' dir='ltr'><strong>ίη</strong></span> 
     </span>
    </p>
   </div>
   <div class='ocr_carea' id='block_1_24' title="bbox 576 2142 2143 2234">
    <p class='ocr_par' dir='ltr' id='par_1_24' title="bbox 576 2142 2143 2234">
     <span class='ocr_line' id='line_1_24' title="bbox 576 2142 2143 2234; baseline 0.003 -18"><span class='ocrx_word' id='word_1_248' title='bbox 576 2161 752 2228; x_wconf 82' lang='lat' dir='ltr'><strong>alteri,</strong></span> <span class='ocrx_word' id='word_1_249' title='bbox 784 2160 912 2216; x_wconf 81' lang='lat' dir='ltr'><strong>facit</strong></span> <span class='ocrx_word' id='word_1_250' title='bbox 952 2161 1084 2215; x_wconf 92' lang='lat' dir='ltr'><strong>illud</strong></span> <span class='ocrx_word' id='word_1_251' title='bbox 1115 2162 1414 2232; x_wconf 89' lang='lat' dir='ltr'><strong>imprimis,</strong></span> <span class='ocrx_word' id='word_1_252' title='bbox 1454 2165 1598 2233; x_wconf 92' lang='lat' dir='ltr'><strong>quod</strong></span> <span class='ocrx_word' id='word_1_253' title='bbox 1633 2183 1650 2215; x_wconf 72' lang='grc' dir='ltr'>ι</span> <span class='ocrx_word' id='word_1_254' title='bbox 1686 2142 2011 2234; x_wconf 59' lang='grc' dir='ltr'><strong>ῑειορογοτίί</strong></span> <span class='ocrx_word' id='word_1_255' title='bbox 2038 2186 2056 2218; x_wconf 75' lang='grc' dir='ltr'>ι</span> <span class='ocrx_word' id='word_1_256' title='bbox 2091 2173 2143 2222; x_wconf 90' lang='lat' dir='ltr'><strong>et</strong></span> 
     </span>
    </p>
   </div>
   <div class='ocr_carea' id='block_1_25' title="bbox 2235 2142 3839 2234">
    <p class='ocr_par' dir='ltr' id='par_1_25' title="bbox 2251 2142 3839 2216">
     <span class='ocr_line' id='line_1_25' title="bbox 2251 2142 3839 2216; baseline -0.006 -12"><span class='ocrx_word' id='word_1_257' title='bbox 2251 2149 2544 2205; x_wconf 83' lang='lat' dir='ltr'><strong>Comment.</strong></span> <span class='ocrx_word' id='word_1_258' title='bbox 2592 2148 2661 2202; x_wconf 85' lang='lat' dir='ltr'><strong>ad</strong></span> <span class='ocrx_word' id='word_1_259' title='bbox 2700 2148 2941 2203; x_wconf 79' lang='lat' dir='ltr'><strong>Aratum.</strong></span> <span class='ocrx_word' id='word_1_260' title='bbox 2990 2144 3311 2216; x_wconf 80' lang='lat' dir='ltr'><strong>Lycophron</strong></span> <span class='ocrx_word' id='word_1_261' title='bbox 3359 2152 3511 2199; x_wconf 75' lang='lat' dir='ltr'><strong>certe</strong></span> <span class='ocrx_word' id='word_1_262' title='bbox 3560 2142 3839 2205; x_wconf 78' lang='grc' dir='ltr'>πλειῶνος</span> 
     </span>
    </p>
   </div>
   <div class='ocr_carea' id='block_1_26' title="bbox 579 2235 3479 2313">
    <p class='ocr_par' dir='ltr' id='par_1_26' title="bbox 579 2235 3479 2313">
     <span class='ocr_line' id='line_1_26' title="bbox 579 2235 3479 2313; baseline -0.002 -9"><span class='ocrx_word' id='word_1_263' title='bbox 579 2271 600 2304; x_wconf 72' lang='grc' dir='ltr'><strong>ο</strong></span> <span class='ocrx_word' id='word_1_264' title='bbox 643 2253 866 2308; x_wconf 88' lang='lat' dir='ltr'><strong>serotini</strong></span> <span class='ocrx_word' id='word_1_265' title='bbox 905 2272 922 2304; x_wconf 71' lang='grc' dir='ltr'><strong>ι</strong></span> <span class='ocrx_word' id='word_1_266' title='bbox 955 2255 1217 2308; x_wconf 88' lang='lat' dir='ltr'><strong>vocabula</strong></span> <span class='ocrx_word' id='word_1_267' title='bbox 1265 2256 1400 2308; x_wconf 89' lang='lat' dir='ltr'><strong>alias</strong></span> <span class='ocrx_word' id='word_1_268' title='bbox 1450 2256 1504 2309; x_wconf 92' lang='lat' dir='ltr'><strong>in</strong></span> <span class='ocrx_word' id='word_1_269' title='bbox 1533 2257 1706 2310; x_wconf 88' lang='lat' dir='ltr'><strong>sacris</strong></span> <span class='ocrx_word' id='word_1_270' title='bbox 1747 2258 1942 2313; x_wconf 83' lang='lat' dir='ltr'><strong>litteris</strong></span> <span class='ocrx_word' id='word_1_271' title='bbox 1982 2273 2145 2312; x_wconf 81' lang='lat' dir='ltr'><strong>usur-</strong></span> <span class='ocrx_word' id='word_1_272' title='bbox 2245 2241 2570 2297; x_wconf 69' lang='lat' dir='ltr'><strong>Vocabulum</strong></span> <span class='ocrx_word' id='word_1_273' title='bbox 2606 2256 2703 2310; x_wconf 70' lang='grc' dir='ltr'><strong>Ρτο</strong></span> <span class='ocrx_word' id='word_1_274' title='bbox 2740 2254 2884 2293; x_wconf 68' lang='lat' dir='ltr'><strong>anno</strong></span> <span class='ocrx_word' id='word_1_275' title='bbox 2916 2237 3104 2301; x_wconf 73' lang='grc' dir='ltr'><strong>ευωίιν</strong></span> <span class='ocrx_word' id='word_1_276' title='bbox 3139 2236 3226 2292; x_wconf 77' lang='lat' dir='ltr'><strong>bis</strong></span> <span class='ocrx_word' id='word_1_277' title='bbox 3258 2235 3479 2290; x_wconf 51' lang='lat' dir='ltr'><strong>verbis:</strong></span> 
     </span>
    </p>
   </div>
   <div class='ocr_carea' id='block_1_27' title="bbox 574 2341 2143 2420">
    <p class='ocr_par' dir='ltr' id='par_1_27' title="bbox 574 2345 2143 2415">
     <span class='ocr_line' id='line_1_27' title="bbox 574 2345 2143 2415; baseline 0.003 -19"><span class='ocrx_word' id='word_1_278' title='bbox 574 2351 773 2412; x_wconf 90' lang='lat' dir='ltr'><strong>pentur</strong></span> <span class='ocrx_word' id='word_1_279' title='bbox 822 2345 890 2398; x_wconf 83' lang='lat' dir='ltr'><strong>ad</strong></span> <span class='ocrx_word' id='word_1_280' title='bbox 941 2360 1063 2399; x_wconf 90' lang='lat' dir='ltr'><strong>eum</strong></span> <span class='ocrx_word' id='word_1_281' title='bbox 1118 2345 1360 2410; x_wconf 87' lang='lat' dir='ltr'><strong>modum,</strong></span> <span class='ocrx_word' id='word_1_282' title='bbox 1407 2361 1572 2415; x_wconf 90' lang='lat' dir='ltr'><strong>quem</strong></span> <span class='ocrx_word' id='word_1_283' title='bbox 1626 2347 1716 2400; x_wconf 92' lang='lat' dir='ltr'><strong>illa</strong></span> <span class='ocrx_word' id='word_1_284' title='bbox 1769 2347 2027 2403; x_wconf 88' lang='lat' dir='ltr'><strong>defendit.</strong></span> <span class='ocrx_word' id='word_1_285' title='bbox 2077 2347 2143 2402; x_wconf 92' lang='lat' dir='ltr'><strong>Ut</strong></span> 
     </span>
    </p>
   </div>
   <div class='ocr_carea' id='block_1_28' title="bbox 2235 2341 3644 2420">
    <p class='ocr_par' dir='ltr' id='par_1_28' title="bbox 2310 2341 3644 2420">
     <span class='ocr_line' id='line_1_28' title="bbox 2310 2341 3644 2420; baseline -0.006 -14"><span class='ocrx_word' id='word_1_286' title='bbox 2310 2355 2411 2420; x_wconf 71' lang='grc' dir='ltr'><strong>Εἰς</strong></span> <span class='ocrx_word' id='word_1_287' title='bbox 2443 2351 2620 2406; x_wconf 82' lang='grc' dir='ltr'><em>πέντε</em></span> <span class='ocrx_word' id='word_1_288' title='bbox 2651 2367 2768 2404; x_wconf 83' lang='grc' dir='ltr'><em>που</em></span> <span class='ocrx_word' id='word_1_289' title='bbox 2805 2348 3101 2414; x_wconf 50' lang='grc' dir='ltr'><strong>ππιῶνας</strong></span> <span class='ocrx_word' id='word_1_290' title='bbox 3129 2348 3366 2417; x_wconf 76' lang='grc' dir='ltr'><strong>ἱμείρων</strong></span> <span class='ocrx_word' id='word_1_291' title='bbox 3389 2341 3644 2418; x_wconf 66' lang='grc' dir='ltr'><strong>λέχους.</strong></span> 
     </span>
    </p>
   </div>
   <div class='ocr_carea' id='block_1_29' title="bbox 575 2435 3400 2533">
    <p class='ocr_par' dir='ltr' id='par_1_29' title="bbox 575 2435 3400 2533">
     <span class='ocr_line' id='line_1_29' title="bbox 575 2435 3400 2533; baseline 0.001 -46"><span class='ocrx_word' id='word_1_292' title='bbox 575 2449 700 2487; x_wconf 90' lang='lat' dir='ltr'><strong>cum</strong></span> <span class='ocrx_word' id='word_1_293' title='bbox 737 2435 910 2489; x_wconf 88' lang='lat' dir='ltr'><strong>imber</strong></span> <span class='ocrx_word' id='word_1_294' title='bbox 940 2436 1304 2533; x_wconf 67' lang='lat' dir='ltr'><strong>Iemporarius</strong></span> <span class='ocrx_word' id='word_1_295' title='bbox 1329 2445 1382 2491; x_wconf 88' lang='lat' dir='ltr'><strong>et</strong></span> <span class='ocrx_word' id='word_1_296' title='bbox 1413 2437 1690 2493; x_wconf 87' lang='lat' dir='ltr'><strong>serotinus</strong></span> <span class='ocrx_word' id='word_1_297' title='bbox 1723 2438 1921 2492; x_wconf 90' lang='lat' dir='ltr'><strong>dicitur</strong></span> <span class='ocrx_word' id='word_1_298' title='bbox 1951 2437 2146 2494; x_wconf 85' lang='lat' dir='ltr'><strong>Deute-</strong></span> <span class='ocrx_word' id='word_1_299' title='bbox 2315 2463 2551 2533; x_wconf 59' lang='lat' dir='ltr'><strong>Quinque</strong></span> <span class='ocrx_word' id='word_1_300' title='bbox 2582 2461 2788 2515; x_wconf 65' lang='grc' dir='ltr'><strong>είηίιετ</strong></span> <span class='ocrx_word' id='word_1_301' title='bbox 2815 2476 2980 2514; x_wconf 60' lang='lat' dir='ltr'><strong><em>anno,</em></strong></span> <span class='ocrx_word' id='word_1_302' title='bbox 3016 2459 3134 2514; x_wconf 65' lang='grc' dir='ltr'><em>ιεειε</em></span> <span class='ocrx_word' id='word_1_303' title='bbox 3167 2457 3400 2526; x_wconf 47' lang='lat' dir='ltr'><strong>cupidus.</strong></span> 
     </span>
    </p>
   </div>
   <div class='ocr_carea' id='block_1_30' title="bbox 574 2513 2146 2614">
    <p class='ocr_par' dir='ltr' id='par_1_30' title="bbox 574 2513 2146 2614">
     <span class='ocr_line' id='line_1_30' title="bbox 574 2513 2146 2614; baseline 0.001 -34"><span class='ocrx_word' id='word_1_304' title='bbox 574 2542 695 2581; x_wconf 84' lang='lat' dir='ltr'><strong>ron.</strong></span> <span class='ocrx_word' id='word_1_305' title='bbox 731 2542 808 2592; x_wconf 72' lang='lat' dir='ltr'><strong>xl,</strong></span> <span class='ocrx_word' id='word_1_306' title='bbox 835 2528 921 2592; x_wconf 74' lang='grc'><strong>14,</strong></span> <span class='ocrx_word' id='word_1_307' title='bbox 967 2526 1132 2582; x_wconf 87' lang='lat' dir='ltr'><strong>Hebr.</strong></span> <span class='ocrx_word' id='word_1_308' title='bbox 1391 2537 1535 2592; x_wconf 65' lang='lat' dir='ltr'><strong>.‘l‘ﬁ’,</strong></span> <span class='ocrx_word' id='word_1_309' title='bbox 1565 2530 1718 2593; x_wconf 79' lang='grc' dir='ltr'>ὑετὸς</span> <span class='ocrx_word' id='word_1_310' title='bbox 1753 2528 2016 2600; x_wconf 81' lang='grc' dir='ltr'><strong>πρὼῐμος,</strong></span> <span class='ocrx_word' id='word_1_311' title='bbox 2055 2531 2146 2582; x_wconf 75' lang='grc' dir='ltr'><strong>καὶ</strong></span> 
     </span>
    </p>
   </div>
   <div class='ocr_carea' id='block_1_31' title="bbox 572 2618 2146 2691">
    <p class='ocr_par' dir='ltr' id='par_1_31' title="bbox 572 2618 2146 2691">
     <span class='ocr_line' id='line_1_31' title="bbox 572 2618 2146 2691; baseline 0.004 -21"><span class='ocrx_word' id='word_1_312' title='bbox 572 2618 783 2688; x_wconf 50' lang='lat' dir='ltr'><strong>adipes.</strong></span> <span class='ocrx_word' id='word_1_313' title='bbox 808 2618 976 2685; x_wconf 84' lang='lat' dir='ltr'><strong>Quem</strong></span> <span class='ocrx_word' id='word_1_314' title='bbox 1007 2619 1072 2673; x_wconf 94' lang='lat' dir='ltr'><strong>ad</strong></span> <span class='ocrx_word' id='word_1_315' title='bbox 1108 2620 1285 2674; x_wconf 86' lang='lat' dir='ltr'><strong>locum</strong></span> <span class='ocrx_word' id='word_1_316' title='bbox 1330 2619 1398 2674; x_wconf 75' lang='grc' dir='ltr'><strong>Β.</strong></span> <span class='ocrx_word' id='word_1_317' title='bbox 1449 2620 1701 2675; x_wconf 88' lang='lat' dir='ltr'><strong>Selomoh</strong></span> <span class='ocrx_word' id='word_1_318' title='bbox 1733 2631 1851 2681; x_wconf 63' lang='lat' dir='ltr'><strong>m1?</strong></span> <span class='ocrx_word' id='word_1_319' title='bbox 1881 2623 2146 2691; x_wconf 55' lang='lat' dir='ltr'><strong>interprev</strong></span> 
     </span>
    </p>
   </div>
   <div class='ocr_carea' id='block_1_32' title="bbox 573 2707 2143 2778">
    <p class='ocr_par' dir='ltr' id='par_1_32' title="bbox 573 2707 2143 2778">
     <span class='ocr_line' id='line_1_32' title="bbox 573 2707 2143 2778; baseline 0.002 -18"><span class='ocrx_word' id='word_1_320' title='bbox 573 2715 724 2760; x_wconf 84' lang='lat' dir='ltr'><strong>tatur</strong></span> <span class='ocrx_word' id='word_1_321' title='bbox 749 2707 817 2762; x_wconf 90' lang='lat' dir='ltr'><strong>de</strong></span> <span class='ocrx_word' id='word_1_322' title='bbox 841 2709 1044 2777; x_wconf 89' lang='lat' dir='ltr'><strong>pluvia,</strong></span> <span class='ocrx_word' id='word_1_323' title='bbox 1080 2724 1201 2778; x_wconf 74' lang='lat' dir='ltr'><strong>qute</strong></span> <span class='ocrx_word' id='word_1_324' title='bbox 1229 2716 1350 2777; x_wconf 87' lang='lat' dir='ltr'><strong>post</strong></span> <span class='ocrx_word' id='word_1_325' title='bbox 1387 2717 1685 2764; x_wconf 77' lang='lat' dir='ltr'><strong>sementem</strong></span> <span class='ocrx_word' id='word_1_326' title='bbox 1714 2710 1913 2764; x_wconf 84' lang='lat' dir='ltr'><strong>cadens</strong></span> <span class='ocrx_word' id='word_1_327' title='bbox 1943 2717 2143 2764; x_wconf 89' lang='lat' dir='ltr'><strong>terram</strong></span> 
     </span>
    </p>
   </div>
   <div class='ocr_carea' id='block_1_33' title="bbox 572 2782 2143 2884">
    <p class='ocr_par' dir='ltr' id='par_1_33' title="bbox 572 2782 2143 2884">
     <span class='ocr_line' id='line_1_33' title="bbox 572 2782 2143 2884; baseline 0 -31"><span class='ocrx_word' id='word_1_328' title='bbox 572 2807 627 2853; x_wconf 81' lang='lat' dir='ltr'><strong>et</strong></span> <span class='ocrx_word' id='word_1_329' title='bbox 658 2806 812 2854; x_wconf 83' lang='lat' dir='ltr'><strong>satus</strong></span> <span class='ocrx_word' id='word_1_330' title='bbox 842 2799 1051 2869; x_wconf 79' lang='lat' dir='ltr'><strong>irrigat,</strong></span> <span class='ocrx_word' id='word_1_331' title='bbox 1077 2782 1275 2884; x_wconf 60' lang='lat' dir='ltr'><strong>mp5):</strong></span> <span class='ocrx_word' id='word_1_332' title='bbox 1301 2814 1428 2853; x_wconf 90' lang='lat' dir='ltr'><strong>vero</strong></span> <span class='ocrx_word' id='word_1_333' title='bbox 1453 2799 1521 2853; x_wconf 91' lang='lat' dir='ltr'><strong>de</strong></span> <span class='ocrx_word' id='word_1_334' title='bbox 1549 2814 1612 2853; x_wconf 88' lang='lat' dir='ltr'><strong>ea</strong></span> <span class='ocrx_word' id='word_1_335' title='bbox 1637 2814 1756 2869; x_wconf 71' lang='lat' dir='ltr'><strong>quae</strong></span> <span class='ocrx_word' id='word_1_336' title='bbox 1783 2798 1886 2854; x_wconf 89' lang='lat' dir='ltr'><strong>sub</strong></span> <span class='ocrx_word' id='word_1_337' title='bbox 1913 2814 2143 2854; x_wconf 90' lang='lat' dir='ltr'><strong>messem</strong></span> 
     </span>
    </p>
   </div>
   <div class='ocr_carea' id='block_1_34' title="bbox 572 2888 2143 2952">
    <p class='ocr_par' dir='ltr' id='par_1_34' title="bbox 572 2888 2143 2952">
     <span class='ocr_line' id='line_1_34' title="bbox 572 2888 2143 2952; baseline 0 -10"><span class='ocrx_word' id='word_1_338' title='bbox 572 2890 740 2943; x_wconf 84' lang='lat' dir='ltr'><strong>venit.</strong></span> <span class='ocrx_word' id='word_1_339' title='bbox 796 2888 896 2943; x_wconf 83' lang='lat' dir='ltr'><strong>Cui</strong></span> <span class='ocrx_word' id='word_1_340' title='bbox 942 2895 996 2943; x_wconf 92' lang='lat' dir='ltr'><strong>et</strong></span> <span class='ocrx_word' id='word_1_341' title='bbox 1042 2889 1194 2943; x_wconf 90' lang='lat' dir='ltr'><strong>Aben</strong></span> <span class='ocrx_word' id='word_1_342' title='bbox 1227 2888 1364 2942; x_wconf 82' lang='lat' dir='ltr'><strong>Ezra</strong></span> <span class='ocrx_word' id='word_1_343' title='bbox 1397 2891 1690 2952; x_wconf 87' lang='lat' dir='ltr'><strong>consentit,</strong></span> <span class='ocrx_word' id='word_1_344' title='bbox 1724 2904 1938 2944; x_wconf 91' lang='lat' dir='ltr'><strong>necnon</strong></span> <span class='ocrx_word' id='word_1_345' title='bbox 1974 2888 2143 2943; x_wconf 85' lang='lat' dir='ltr'><strong>David</strong></span> 
     </span>
    </p>
   </div>
   <div class='ocr_carea' id='block_1_35' title="bbox 573 2978 2145 3050">
    <p class='ocr_par' dir='ltr' id='par_1_35' title="bbox 573 2978 2145 3050">
     <span class='ocr_line' id='line_1_35' title="bbox 573 2978 2145 3050; baseline 0.001 -16"><span class='ocrx_word' id='word_1_346' title='bbox 573 2980 822 3035; x_wconf 81' lang='lat' dir='ltr'><strong>Kimhius</strong></span> <span class='ocrx_word' id='word_1_347' title='bbox 882 2980 939 3033; x_wconf 89' lang='lat' dir='ltr'><strong>in</strong></span> <span class='ocrx_word' id='word_1_348' title='bbox 981 2995 1096 3046; x_wconf 83' lang='lat' dir='ltr'><strong>cap.</strong></span> <span class='ocrx_word' id='word_1_349' title='bbox 1130 2978 1193 3033; x_wconf 85' lang='grc'><strong>11</strong></span> <span class='ocrx_word' id='word_1_350' title='bbox 1224 2978 1386 3046; x_wconf 83' lang='lat' dir='ltr'><strong>Joel.,</strong></span> <span class='ocrx_word' id='word_1_351' title='bbox 1441 2995 1582 3034; x_wconf 79' lang='lat' dir='ltr'><strong>cam.</strong></span> <span class='ocrx_word' id='word_1_352' title='bbox 1630 2981 1720 3044; x_wconf 65' lang='grc' dir='ltr'><strong>ει,</strong></span> <span class='ocrx_word' id='word_1_353' title='bbox 1770 2980 1861 3034; x_wconf 92' lang='lat' dir='ltr'><strong>ubi</strong></span> <span class='ocrx_word' id='word_1_354' title='bbox 1918 2988 2145 3050; x_wconf 88' lang='lat' dir='ltr'><strong>utraque</strong></span> 
     </span>
    </p>
   </div>
   <div class='ocr_carea' id='block_1_36' title="bbox 573 3070 2142 3140">
    <p class='ocr_par' dir='ltr' id='par_1_36' title="bbox 573 3070 2142 3140">
     <span class='ocr_line' id='line_1_36' title="bbox 573 3070 2142 3140; baseline 0.003 -16"><span class='ocrx_word' id='word_1_355' title='bbox 573 3071 757 3140; x_wconf 83' lang='lat' dir='ltr'><strong>pluvia</strong></span> <span class='ocrx_word' id='word_1_356' title='bbox 815 3076 1172 3136; x_wconf 87' lang='lat' dir='ltr'><strong>memoratur,</strong></span> <span class='ocrx_word' id='word_1_357' title='bbox 1222 3085 1286 3124; x_wconf 88' lang='lat' dir='ltr'><strong>ac</strong></span> <span class='ocrx_word' id='word_1_358' title='bbox 1339 3072 1716 3140; x_wconf 86' lang='lat' dir='ltr'><strong>tempestivam</strong></span> <span class='ocrx_word' id='word_1_359' title='bbox 1767 3073 1842 3124; x_wconf 91' lang='lat' dir='ltr'><strong>ait</strong></span> <span class='ocrx_word' id='word_1_360' title='bbox 1893 3070 2142 3128; x_wconf 81' lang='lat' dir='ltr'><strong>Kimhius</strong></span> 
     </span>
    </p>
   </div>
   <div class='ocr_carea' id='block_1_37' title="bbox 573 3161 2138 3226">
    <p class='ocr_par' dir='ltr' id='par_1_37' title="bbox 573 3161 2138 3226">
     <span class='ocr_line' id='line_1_37' title="bbox 573 3161 2138 3226; baseline 0.003 -11"><span class='ocrx_word' id='word_1_361' title='bbox 573 3178 761 3217; x_wconf 67' lang='lat' dir='ltr'><strong>mense</strong></span> <span class='ocrx_word' id='word_1_362' title='bbox 790 3162 1153 3217; x_wconf 84' lang='lat' dir='ltr'><strong>Marcheswan</strong></span> <span class='ocrx_word' id='word_1_363' title='bbox 1183 3161 1429 3218; x_wconf 84' lang='lat' dir='ltr'><strong>accidere</strong></span> <span class='ocrx_word' id='word_1_364' title='bbox 1449 3203 1466 3226; x_wconf 93' lang='lat'><strong>,</strong></span> <span class='ocrx_word' id='word_1_365' title='bbox 1529 3164 1821 3218; x_wconf 89' lang='lat' dir='ltr'><strong>serotinam</strong></span> <span class='ocrx_word' id='word_1_366' title='bbox 1858 3165 1912 3218; x_wconf 91' lang='lat' dir='ltr'><strong>in</strong></span> <span class='ocrx_word' id='word_1_367' title='bbox 1948 3163 2138 3219; x_wconf 88' lang='lat' dir='ltr'><strong>Nisan.</strong></span> 
     </span>
    </p>
   </div>
   <div class='ocr_carea' id='block_1_38' title="bbox 571 3253 1965 3310">
    <p class='ocr_par' dir='ltr' id='par_1_38' title="bbox 571 3253 1965 3310">
     <span class='ocr_line' id='line_1_38' title="bbox 571 3253 1965 3310; baseline 0.004 -6"><span class='ocrx_word' id='word_1_368' title='bbox 571 3254 860 3308; x_wconf 67' lang='lat' dir='ltr'><strong>Chaldaeus</strong></span> <span class='ocrx_word' id='word_1_369' title='bbox 896 3253 1092 3307; x_wconf 89' lang='lat' dir='ltr'><strong>ibidem</strong></span> <span class='ocrx_word' id='word_1_370' title='bbox 1124 3254 1416 3308; x_wconf 91' lang='lat' dir='ltr'><strong>serotinam</strong></span> <span class='ocrx_word' id='word_1_371' title='bbox 1443 3253 1653 3308; x_wconf 88' lang='lat' dir='ltr'><strong>confert</strong></span> <span class='ocrx_word' id='word_1_372' title='bbox 1689 3255 1743 3308; x_wconf 89' lang='lat' dir='ltr'><strong>in</strong></span> <span class='ocrx_word' id='word_1_373' title='bbox 1776 3254 1965 3310; x_wconf 87' lang='lat' dir='ltr'><strong>Nisan.</strong></span> 
     </span>
    </p>
   </div>
   <div class='ocr_carea' id='block_1_39' title="bbox 619 3341 2141 3414">
    <p class='ocr_par' dir='ltr' id='par_1_39' title="bbox 619 3341 2141 3414">
     <span class='ocr_line' id='line_1_39' title="bbox 619 3341 2141 3414; baseline 0.002 -16"><span class='ocrx_word' id='word_1_374' title='bbox 619 3341 783 3414; x_wconf 89' lang='lat' dir='ltr'><strong>Origo</strong></span> <span class='ocrx_word' id='word_1_375' title='bbox 799 3343 1175 3412; x_wconf 89' lang='lat' dir='ltr'><strong>appellationis</strong></span> <span class='ocrx_word' id='word_1_376' title='bbox 1189 3343 1474 3413; x_wconf 90' lang='lat' dir='ltr'><strong>utriusque</strong></span> <span class='ocrx_word' id='word_1_377' title='bbox 1489 3344 1708 3414; x_wconf 81' lang='lat' dir='ltr'><strong>duplex,</strong></span> <span class='ocrx_word' id='word_1_378' title='bbox 1725 3352 1782 3398; x_wconf 92' lang='lat' dir='ltr'><strong>ut</strong></span> <span class='ocrx_word' id='word_1_379' title='bbox 1797 3346 2008 3414; x_wconf 91' lang='lat' dir='ltr'><strong>opinor,</strong></span> <span class='ocrx_word' id='word_1_380' title='bbox 2025 3344 2141 3401; x_wconf 93' lang='lat' dir='ltr'><strong>fuit.</strong></span> 
     </span>
    </p>
   </div>
   <div class='ocr_carea' id='block_1_40' title="bbox 572 3433 2144 3504">
    <p class='ocr_par' dir='ltr' id='par_1_40' title="bbox 572 3433 2144 3504">
     <span class='ocr_line' id='line_1_40' title="bbox 572 3433 2144 3504; baseline 0 -18"><span class='ocrx_word' id='word_1_381' title='bbox 572 3433 754 3488; x_wconf 90' lang='lat' dir='ltr'><strong>Prima</strong></span> <span class='ocrx_word' id='word_1_382' title='bbox 780 3444 836 3488; x_wconf 90' lang='lat' dir='ltr'><strong>et</strong></span> <span class='ocrx_word' id='word_1_383' title='bbox 872 3433 1253 3503; x_wconf 89' lang='lat' dir='ltr'><strong>antiquissima</strong></span> <span class='ocrx_word' id='word_1_384' title='bbox 1281 3449 1348 3488; x_wconf 79' lang='lat' dir='ltr'><strong>ex</strong></span> <span class='ocrx_word' id='word_1_385' title='bbox 1378 3434 1494 3504; x_wconf 88' lang='lat' dir='ltr'><strong>ipsa</strong></span> <span class='ocrx_word' id='word_1_386' title='bbox 1514 3450 1695 3489; x_wconf 91' lang='lat' dir='ltr'><strong>rerum</strong></span> <span class='ocrx_word' id='word_1_387' title='bbox 1735 3444 1950 3500; x_wconf 91' lang='lat' dir='ltr'><strong>natura,</strong></span> <span class='ocrx_word' id='word_1_388' title='bbox 1973 3443 2027 3491; x_wconf 92' lang='lat' dir='ltr'><strong>et</strong></span> <span class='ocrx_word' id='word_1_389' title='bbox 2051 3453 2144 3491; x_wconf 68' lang='lat' dir='ltr'><strong>ru.-</strong></span> 
     </span>
    </p>
   </div>
   <div class='ocr_carea' id='block_1_41' title="bbox 573 3512 2303 3603">
    <p class='ocr_par' dir='ltr' id='par_1_41' title="bbox 573 3512 2303 3603">
     <span class='ocr_line' id='line_1_41' title="bbox 573 3512 2303 3603; baseline 0.001 -23"><span class='ocrx_word' id='word_1_390' title='bbox 573 3526 836 3581; x_wconf 87' lang='lat' dir='ltr'><strong>sticorum</strong></span> <span class='ocrx_word' id='word_1_391' title='bbox 861 3540 1086 3595; x_wconf 92' lang='lat' dir='ltr'><strong>operum</strong></span> <span class='ocrx_word' id='word_1_392' title='bbox 1131 3541 1232 3580; x_wconf 91' lang='lat' dir='ltr'><strong>usu</strong></span> <span class='ocrx_word' id='word_1_393' title='bbox 1257 3531 1310 3580; x_wconf 91' lang='lat' dir='ltr'><strong>et</strong></span> <span class='ocrx_word' id='word_1_394' title='bbox 1331 3525 1713 3581; x_wconf 86' lang='lat' dir='ltr'><strong>commoditate</strong></span> <span class='ocrx_word' id='word_1_395' title='bbox 1730 3527 1986 3583; x_wconf 85' lang='lat' dir='ltr'><strong>manavit.</strong></span> <span class='ocrx_word' id='word_1_396' title='bbox 2010 3512 2144 3582; x_wconf 84' lang='lat' dir='ltr'><strong>Nam</strong></span> <span class='ocrx_word' id='word_1_397' title='bbox 2249 3589 2303 3603; x_wconf 44' lang='grc' dir='ltr'><strong>Α,</strong></span> 
     </span>
    </p>
   </div>
   <div class='ocr_carea' id='block_1_42' title="bbox 567 3589 2484 3686">
    <p class='ocr_par' dir='ltr' id='par_1_42' title="bbox 567 3589 2484 3686">
     <span class='ocr_line' id='line_1_42' title="bbox 567 3589 2484 3686; baseline -0.002 -14"><span class='ocrx_word' id='word_1_398' title='bbox 567 3630 635 3672; x_wconf 79' lang='lat' dir='ltr'><strong>ea</strong></span> <span class='ocrx_word' id='word_1_399' title='bbox 675 3589 992 3686; x_wconf 80' lang='lat' dir='ltr'><strong>tempestiva</strong></span> <span class='ocrx_word' id='word_1_400' title='bbox 1031 3615 1139 3671; x_wconf 89' lang='lat' dir='ltr'><strong>dici</strong></span> <span class='ocrx_word' id='word_1_401' title='bbox 1198 3616 1408 3681; x_wconf 91' lang='lat' dir='ltr'><strong>solent,</strong></span> <span class='ocrx_word' id='word_1_402' title='bbox 1434 3632 1450 3647; x_wconf 67' lang='grc' dir='ltr'><strong>ν</strong></span> <span class='ocrx_word' id='word_1_403' title='bbox 1481 3632 1601 3686; x_wconf 69' lang='lat' dir='ltr'><strong>quae</strong></span> <span class='ocrx_word' id='word_1_404' title='bbox 1643 3625 1874 3684; x_wconf 91' lang='lat' dir='ltr'><strong>mature,</strong></span> <span class='ocrx_word' id='word_1_405' title='bbox 1935 3625 1989 3673; x_wconf 89' lang='lat' dir='ltr'><strong>et</strong></span> <span class='ocrx_word' id='word_1_406' title='bbox 2043 3619 2145 3674; x_wconf 85' lang='lat' dir='ltr'><strong>sub</strong></span> <span class='ocrx_word' id='word_1_407' title='bbox 2245 3589 2438 3648; x_wconf 62' lang='lat' dir='ltr'><strong>Cicero</strong></span> <span class='ocrx_word' id='word_1_408' title='bbox 2471 3609 2484 3644; x_wconf 77' lang='grc'><strong>³</strong></span> 
     </span>
    </p>
   </div>
   <div class='ocr_carea' id='block_1_43' title="bbox 571 3696 3688 3784">
    <p class='ocr_par' dir='ltr' id='par_1_43' title="bbox 571 3696 3688 3784">
     <span class='ocr_line' id='line_1_43' title="bbox 571 3696 3688 3784; baseline -0.003 -20"><span class='ocrx_word' id='word_1_409' title='bbox 571 3710 750 3778; x_wconf 81' lang='lat' dir='ltr'><strong>ipsum</strong></span> <span class='ocrx_word' id='word_1_410' title='bbox 785 3709 1000 3763; x_wconf 91' lang='lat' dir='ltr'><strong>initium</strong></span> <span class='ocrx_word' id='word_1_411' title='bbox 1036 3708 1330 3775; x_wconf 85' lang='lat' dir='ltr'><strong>acciduht;</strong></span> <span class='ocrx_word' id='word_1_412' title='bbox 1382 3708 1647 3773; x_wconf 91' lang='lat' dir='ltr'><strong>serotina,</strong></span> <span class='ocrx_word' id='word_1_413' title='bbox 1674 3723 1795 3778; x_wconf 71' lang='lat' dir='ltr'><strong>quat</strong></span> <span class='ocrx_word' id='word_1_414' title='bbox 1825 3709 2051 3774; x_wconf 87' lang='lat' dir='ltr'><strong>tardius,</strong></span> <span class='ocrx_word' id='word_1_415' title='bbox 2091 3716 2146 3764; x_wconf 89' lang='lat' dir='ltr'><strong>et</strong></span> <span class='ocrx_word' id='word_1_416' title='bbox 2313 3705 2382 3784; x_wconf 50' lang='lat' dir='ltr'><strong>At</strong></span> <span class='ocrx_word' id='word_1_417' title='bbox 2412 3710 2620 3784; x_wconf 69' lang='grc' dir='ltr'><strong>ρτορξςν</strong></span> <span class='ocrx_word' id='word_1_418' title='bbox 2642 3701 2994 3784; x_wconf 27' lang='lat' dir='ltr'><strong>ltﬁtjum‘geny</strong></span> <span class='ocrx_word' id='word_1_419' title='bbox 3025 3699 3170 3784; x_wconf 49' lang='lat' dir='ltr'><strong>omni.</strong></span> <span class='ocrx_word' id='word_1_420' title='bbox 3194 3712 3258 3751; x_wconf 69' lang='grc' dir='ltr'><em>ει</em></span> <span class='ocrx_word' id='word_1_421' title='bbox 3295 3696 3688 3784; x_wconf 29' lang='grc' dir='ltr'><strong>ρᾳςζςξιοωιαε</strong></span> 
     </span>
    </p>
   </div>
   <div class='ocr_carea' id='block_1_44' title="bbox 570 3767 3518 3868">
    <p class='ocr_par' dir='ltr' id='par_1_44' title="bbox 570 3767 3518 3868">
     <span class='ocr_line' id='line_1_44' title="bbox 570 3767 3518 3868; baseline -0.003 -11"><span class='ocrx_word' id='word_1_422' title='bbox 570 3767 677 3857; x_wconf 64' lang='lat' dir='ltr'><strong>sub</strong></span> <span class='ocrx_word' id='word_1_423' title='bbox 700 3801 926 3856; x_wconf 84' lang='lat' dir='ltr'><strong>exitum.</strong></span> <span class='ocrx_word' id='word_1_424' title='bbox 977 3799 1153 3868; x_wconf 88' lang='lat' dir='ltr'><strong>Opera</strong></span> <span class='ocrx_word' id='word_1_425' title='bbox 1208 3767 1387 3854; x_wconf 78' lang='lat' dir='ltr'><strong>omnis</strong></span> <span class='ocrx_word' id='word_1_426' title='bbox 1438 3767 1644 3854; x_wconf 82' lang='lat' dir='ltr'><strong>rustica</strong></span> <span class='ocrx_word' id='word_1_427' title='bbox 1691 3767 1760 3854; x_wconf 75' lang='lat' dir='ltr'><strong>ab</strong></span> <span class='ocrx_word' id='word_1_428' title='bbox 1803 3767 2049 3855; x_wconf 78' lang='lat' dir='ltr'><strong>aratione</strong></span> <span class='ocrx_word' id='word_1_429' title='bbox 2091 3806 2146 3856; x_wconf 90' lang='lat' dir='ltr'><strong>et</strong></span> <span class='ocrx_word' id='word_1_430' title='bbox 2260 3863 2271 3868; x_wconf 29' lang='grc' dir='ltr'><strong>Α</strong></span> <span class='ocrx_word' id='word_1_431' title='bbox 2316 3767 2516 3868; x_wconf 27' lang='lat' dir='ltr'><strong>“fw.</strong></span> <span class='ocrx_word' id='word_1_432' title='bbox 2544 3772 2794 3843; x_wconf 52' lang='lat' dir='ltr'><strong>Vergili“</strong></span> <span class='ocrx_word' id='word_1_433' title='bbox 2828 3767 2968 3824; x_wconf 61' lang='grc' dir='ltr'><strong>ίέηυί</strong></span> <span class='ocrx_word' id='word_1_434' title='bbox 3005 3785 3121 3823; x_wconf 69' lang='lat' dir='ltr'><strong>cum</strong></span> <span class='ocrx_word' id='word_1_435' title='bbox 3153 3769 3264 3821; x_wconf 63' lang='lat' dir='ltr'><strong>lu“</strong></span> <span class='ocrx_word' id='word_1_436' title='bbox 3301 3767 3518 3820; x_wconf 34' lang='lat' dir='ltr'><strong>&quot;Idem-3‘</strong></span> 
     </span>
    </p>
   </div>
   <div class='ocr_carea' id='block_1_45' title="bbox 2245 2567 3834 2645">
    <p class='ocr_par' dir='ltr' id='par_1_45' title="bbox 2245 2567 3834 2645">
     <span class='ocr_line' id='line_1_45' title="bbox 2245 2567 3834 2645; baseline -0.006 -15"><span class='ocrx_word' id='word_1_437' title='bbox 2245 2574 2398 2641; x_wconf 84' lang='lat' dir='ltr'><strong>Quod</strong></span> <span class='ocrx_word' id='word_1_438' title='bbox 2443 2583 2497 2629; x_wconf 91' lang='lat' dir='ltr'><strong>et</strong></span> <span class='ocrx_word' id='word_1_439' title='bbox 2530 2572 2834 2645; x_wconf 84' lang='lat' dir='ltr'><strong>Hesychius</strong></span> <span class='ocrx_word' id='word_1_440' title='bbox 2867 2571 3047 2635; x_wconf 87' lang='lat' dir='ltr'><strong>habet,</strong></span> <span class='ocrx_word' id='word_1_441' title='bbox 3093 2571 3206 2625; x_wconf 85' lang='lat' dir='ltr'><strong>etsi-</strong></span> <span class='ocrx_word' id='word_1_442' title='bbox 3241 2571 3463 2625; x_wconf 84' lang='lat' dir='ltr'><strong>alteram</strong></span> <span class='ocrx_word' id='word_1_443' title='bbox 3516 2567 3699 2638; x_wconf 81' lang='lat' dir='ltr'><strong>hujus</strong></span> <span class='ocrx_word' id='word_1_444' title='bbox 3740 2585 3834 2638; x_wconf 89' lang='lat' dir='ltr'><strong>ap-</strong></span> 
     </span>
    </p>
   </div>
   <div class='ocr_carea' id='block_1_46' title="bbox 2244 2659 3836 2735">
    <p class='ocr_par' dir='ltr' id='par_1_46' title="bbox 2244 2659 3836 2735">
     <span class='ocr_line' id='line_1_46' title="bbox 2244 2659 3836 2735; baseline -0.002 -15"><span class='ocrx_word' id='word_1_445' title='bbox 2244 2664 2554 2735; x_wconf 86' lang='lat' dir='ltr'><strong>pellationis</strong></span> <span class='ocrx_word' id='word_1_446' title='bbox 2577 2677 2799 2718; x_wconf 86' lang='lat' dir='ltr'><strong>causam</strong></span> <span class='ocrx_word' id='word_1_447' title='bbox 2831 2660 2985 2716; x_wconf 67' lang='lat' dir='ltr'><strong>affert</strong></span> <span class='ocrx_word' id='word_1_448' title='bbox 3022 2680 3035 2716; x_wconf 93' lang='lat'><strong>:</strong></span> <span class='ocrx_word' id='word_1_449' title='bbox 3071 2659 3202 2714; x_wconf 72' lang='grc' dir='ltr'><strong>Ἀπὸ</strong></span> <span class='ocrx_word' id='word_1_450' title='bbox 3230 2659 3324 2712; x_wconf 79' lang='grc' dir='ltr'><strong>τοῦ</strong></span> <span class='ocrx_word' id='word_1_451' title='bbox 3355 2660 3565 2722; x_wconf 73' lang='grc' dir='ltr'><strong>πάντας</strong></span> <span class='ocrx_word' id='word_1_452' title='bbox 3593 2660 3701 2729; x_wconf 74' lang='grc' dir='ltr'><strong>τῆς</strong></span> <span class='ocrx_word' id='word_1_453' title='bbox 3734 2659 3836 2727; x_wconf 71' lang='grc' dir='ltr'><strong>τῆς</strong></span> 
     </span>
    </p>
   </div>
   <div class='ocr_carea' id='block_1_47' title="bbox 2245 2751 3833 2826">
    <p class='ocr_par' dir='ltr' id='par_1_47' title="bbox 2245 2751 3833 2826">
     <span class='ocr_line' id='line_1_47' title="bbox 2245 2751 3833 2826; baseline -0.004 -16"><span class='ocrx_word' id='word_1_454' title='bbox 2245 2757 2369 2820; x_wconf 76' lang='grc' dir='ltr'><strong>τοὺς</strong></span> <span class='ocrx_word' id='word_1_455' title='bbox 2403 2756 2649 2826; x_wconf 76' lang='grc' dir='ltr'><strong>καρποὺς</strong></span> <span class='ocrx_word' id='word_1_456' title='bbox 2681 2752 3130 2825; x_wconf 82' lang='grc' dir='ltr'><strong>συμπληροῦσθαι</strong></span> <span class='ocrx_word' id='word_1_457' title='bbox 3159 2773 3171 2806; x_wconf 93' lang='lat'>:</span> <span class='ocrx_word' id='word_1_458' title='bbox 3211 2771 3229 2803; x_wconf 84' lang='grc'><strong>‹</strong></span> <span class='ocrx_word' id='word_1_459' title='bbox 3261 2751 3402 2822; x_wconf 85' lang='lat' dir='ltr'><strong>quod</strong></span> <span class='ocrx_word' id='word_1_460' title='bbox 3453 2751 3683 2806; x_wconf 79' lang='lat' dir='ltr'><strong>fructus</strong></span> <span class='ocrx_word' id='word_1_461' title='bbox 3721 2767 3833 2805; x_wconf 86' lang='lat' dir='ltr'><strong>om-</strong></span> 
     </span>
    </p>
   </div>
   <div class='ocr_carea' id='block_1_48' title="bbox 2242 2840 3834 2916">
    <p class='ocr_par' dir='ltr' id='par_1_48' title="bbox 2242 2840 3834 2916">
     <span class='ocr_line' id='line_1_48' title="bbox 2242 2840 3834 2916; baseline -0.005 -15"><span class='ocrx_word' id='word_1_462' title='bbox 2242 2862 2340 2901; x_wconf 90' lang='lat' dir='ltr'><strong>nes</strong></span> <span class='ocrx_word' id='word_1_463' title='bbox 2371 2853 2526 2900; x_wconf 71' lang='lat' dir='ltr'><strong>terrse</strong></span> <span class='ocrx_word' id='word_1_464' title='bbox 2564 2845 2710 2916; x_wconf 85' lang='lat' dir='ltr'><strong>pleni</strong></span> <span class='ocrx_word' id='word_1_465' title='bbox 2740 2860 2806 2899; x_wconf 92' lang='lat' dir='ltr'><strong>co</strong></span> <span class='ocrx_word' id='word_1_466' title='bbox 2858 2851 3105 2898; x_wconf 88' lang='lat' dir='ltr'><strong>vertente</strong></span> <span class='ocrx_word' id='word_1_467' title='bbox 3143 2842 3482 2912; x_wconf 87' lang='lat' dir='ltr'><strong>proveniant.</strong></span> <span class='ocrx_word' id='word_1_468' title='bbox 3523 2860 3542 2893; x_wconf 78' lang='grc' dir='ltr'><strong><em>ι</em></strong></span> <span class='ocrx_word' id='word_1_469' title='bbox 3580 2840 3677 2896; x_wconf 64' lang='lat' dir='ltr'><strong>Ea</strong></span> <span class='ocrx_word' id='word_1_470' title='bbox 3719 2843 3834 2899; x_wconf 73' lang='lat' dir='ltr'><strong>sita:</strong></span> 
     </span>
    </p>
   </div>
   <div class='ocr_carea' id='block_1_49' title="bbox 2245 2928 3834 3003">
    <p class='ocr_par' dir='ltr' id='par_1_49' title="bbox 2245 2928 3834 3003">
     <span class='ocr_line' id='line_1_49' title="bbox 2245 2928 3834 3003; baseline -0.006 -12"><span class='ocrx_word' id='word_1_471' title='bbox 2245 2943 2372 2991; x_wconf 82' lang='lat' dir='ltr'><strong>sunt</strong></span> <span class='ocrx_word' id='word_1_472' title='bbox 2400 2934 2455 2988; x_wconf 92' lang='lat' dir='ltr'><strong>in</strong></span> <span class='ocrx_word' id='word_1_473' title='bbox 2492 2942 2643 3003; x_wconf 91' lang='lat' dir='ltr'><strong>tergo</strong></span> <span class='ocrx_word' id='word_1_474' title='bbox 2668 2931 2856 2996; x_wconf 89' lang='lat' dir='ltr'><strong>Tauri,</strong></span> <span class='ocrx_word' id='word_1_475' title='bbox 2891 2947 3122 2985; x_wconf 89' lang='lat' dir='ltr'><strong>numero</strong></span> <span class='ocrx_word' id='word_1_476' title='bbox 3149 2947 3264 2994; x_wconf 74' lang='lat' dir='ltr'><strong>sex,</strong></span> <span class='ocrx_word' id='word_1_477' title='bbox 3293 2931 3383 2982; x_wconf 65' lang='lat' dir='ltr'><strong>ait~</strong></span> <span class='ocrx_word' id='word_1_478' title='bbox 3404 2928 3694 2984; x_wconf 66' lang='lat' dir='ltr'><strong>Geminus.</strong></span> <span class='ocrx_word' id='word_1_479' title='bbox 3727 2928 3834 3000; x_wconf 74' lang='lat' dir='ltr'><strong>Hy-</strong></span> 
     </span>
    </p>
   </div>
   <div class='ocr_carea' id='block_1_50' title="bbox 2250 3019 3830 3097">
    <p class='ocr_par' dir='ltr' id='par_1_50' title="bbox 2250 3019 3830 3097">
     <span class='ocr_line' id='line_1_50' title="bbox 2250 3019 3830 3097; baseline -0.004 -17"><span class='ocrx_word' id='word_1_480' title='bbox 2250 3029 2415 3097; x_wconf 90' lang='lat' dir='ltr'><strong>ginus</strong></span> <span class='ocrx_word' id='word_1_481' title='bbox 2450 3045 2468 3078; x_wconf 84' lang='grc'><strong>‹</strong></span> <span class='ocrx_word' id='word_1_482' title='bbox 2504 3027 2646 3080; x_wconf 89' lang='lat' dir='ltr'><strong>inter</strong></span> <span class='ocrx_word' id='word_1_483' title='bbox 2676 3024 2977 3079; x_wconf 84' lang='lat' dir='ltr'><strong>ﬁnitionem</strong></span> <span class='ocrx_word' id='word_1_484' title='bbox 3021 3023 3265 3093; x_wconf 72' lang='lat' dir='ltr'><strong>corporis</strong></span> <span class='ocrx_word' id='word_1_485' title='bbox 3297 3019 3463 3075; x_wconf 82' lang='lat' dir='ltr'><strong>Tauri</strong></span> <span class='ocrx_word' id='word_1_486' title='bbox 3511 3029 3562 3076; x_wconf 90' lang='lat' dir='ltr'><strong>et</strong></span> <span class='ocrx_word' id='word_1_487' title='bbox 3595 3021 3830 3085; x_wconf 77' lang='lat' dir='ltr'><strong>caudam</strong></span> 
     </span>
    </p>
   </div>
   <div class='ocr_carea' id='block_1_51' title="bbox 2243 3104 3826 3182">
    <p class='ocr_par' dir='ltr' id='par_1_51' title="bbox 2243 3104 3826 3182">
     <span class='ocr_line' id='line_1_51' title="bbox 2243 3104 3826 3182; baseline -0.005 -10"><span class='ocrx_word' id='word_1_488' title='bbox 2243 3118 2443 3173; x_wconf 81' lang='lat' dir='ltr'><strong>Arietis</strong></span> <span class='ocrx_word' id='word_1_489' title='bbox 2482 3136 2500 3169; x_wconf 71' lang='grc' dir='ltr'>ι</span> <span class='ocrx_word' id='word_1_490' title='bbox 2539 3117 2758 3172; x_wconf 91' lang='lat' dir='ltr'><strong>easdem</strong></span> <span class='ocrx_word' id='word_1_491' title='bbox 2807 3104 2999 3181; x_wconf 85' lang='lat' dir='ltr'><strong>locat;</strong></span> <span class='ocrx_word' id='word_1_492' title='bbox 3071 3113 3271 3167; x_wconf 78' lang='lat' dir='ltr'><strong>Aratus</strong></span> <span class='ocrx_word' id='word_1_493' title='bbox 3316 3127 3487 3182; x_wconf 71' lang='lat' dir='ltr'><strong>prope</strong></span> <span class='ocrx_word' id='word_1_494' title='bbox 3540 3113 3826 3168; x_wconf 81' lang='lat' dir='ltr'><strong>sinistram</strong></span> 
     </span>
    </p>
   </div>
   <div class='ocr_carea' id='block_1_52' title="bbox 2168 3203 3826 3277">
    <p class='ocr_par' dir='ltr' id='par_1_52' title="bbox 2168 3203 3826 3277">
     <span class='ocr_line' id='line_1_52' title="bbox 2168 3203 3826 3277; baseline -0.004 -15"><span class='ocrx_word' id='word_1_495' title='bbox 2168 3220 2210 3276; x_wconf 76' lang='grc' dir='ltr'><strong>ο</strong></span> <span class='ocrx_word' id='word_1_496' title='bbox 2243 3208 2552 3277; x_wconf 79' lang='grc' dir='ltr'><strong>ἐπιγουνίδα</strong></span> <span class='ocrx_word' id='word_1_497' title='bbox 2591 3205 2810 3270; x_wconf 87' lang='lat' dir='ltr'><strong>Persei,</strong></span> <span class='ocrx_word' id='word_1_498' title='bbox 2855 3220 3020 3276; x_wconf 89' lang='lat' dir='ltr'><strong>quam</strong></span> <span class='ocrx_word' id='word_1_499' title='bbox 3059 3219 3246 3259; x_wconf 89' lang='lat' dir='ltr'><strong>vocem</strong></span> <span class='ocrx_word' id='word_1_500' title='bbox 3288 3204 3437 3258; x_wconf 73' lang='lat' dir='ltr'><strong>varie</strong></span> <span class='ocrx_word' id='word_1_501' title='bbox 3495 3203 3826 3273; x_wconf 84' lang='lat' dir='ltr'><strong>interpretes</strong></span> 
     </span>
    </p>
   </div>
   <div class='ocr_carea' id='block_1_53' title="bbox 2247 3305 2596 3368">
    <p class='ocr_par' dir='ltr' id='par_1_53' title="bbox 2247 3305 2596 3368">
     <span class='ocr_line' id='line_1_53' title="bbox 2247 3305 2596 3368; baseline -0.011 -15"><span class='ocrx_word' id='word_1_502' title='bbox 2247 3305 2596 3368; x_wconf 89' lang='lat' dir='ltr'><strong>acceperunt.</strong></span> 
     </span>
    </p>
   </div>
   <div class='ocr_carea' id='block_1_54' title="bbox 2323 3399 3726 3476">
    <p class='ocr_par' dir='ltr' id='par_1_54' title="bbox 2323 3399 3726 3476">
     <span class='ocr_line' id='line_1_54' title="bbox 2323 3399 3726 3476; baseline -0.004 -16"><span class='ocrx_word' id='word_1_503' title='bbox 2323 3404 2582 3476; x_wconf 59' lang='lat' dir='ltr'><strong>&#39;Arxtdé</strong></span> <span class='ocrx_word' id='word_1_504' title='bbox 2604 3407 2657 3460; x_wconf 75' lang='grc' dir='ltr'><em>οἱ</em></span> <span class='ocrx_word' id='word_1_505' title='bbox 2687 3403 2908 3476; x_wconf 65' lang='grc' dir='ltr'><strong>σκευῆς</strong></span> <span class='ocrx_word' id='word_1_506' title='bbox 2927 3402 3300 3473; x_wconf 75' lang='grc' dir='ltr'><strong>ἐπιγουνίδος</strong></span> <span class='ocrx_word' id='word_1_507' title='bbox 3321 3401 3504 3470; x_wconf 76' lang='grc' dir='ltr'><strong>ἤλιθα</strong></span> <span class='ocrx_word' id='word_1_508' title='bbox 3528 3399 3726 3455; x_wconf 71' lang='grc' dir='ltr'><strong>πᾶσαι</strong></span> 
     </span>
    </p>
   </div>
   <div class='ocr_carea' id='block_1_55' title="bbox 2315 3474 2989 3544">
    <p class='ocr_par' dir='ltr' id='par_1_55' title="bbox 2315 3474 2989 3544">
     <span class='ocr_line' id='line_1_55' title="bbox 2315 3474 2989 3544; baseline -0.007 -13"><span class='ocrx_word' id='word_1_509' title='bbox 2315 3474 2614 3544; x_wconf 66' lang='grc' dir='ltr'><strong>Πλήΐάδες</strong></span> <span class='ocrx_word' id='word_1_510' title='bbox 2653 3474 2989 3543; x_wconf 73' lang='grc' dir='ltr'><strong>φορέονται.</strong></span> 
     </span>
    </p>
   </div>
   <div class='ocr_carea' id='block_1_56' title="bbox 573 3863 2527 3964">
    <p class='ocr_par' dir='ltr' id='par_1_56' title="bbox 573 3863 2527 3964">
     <span class='ocr_line' id='line_1_56' title="bbox 573 3863 2527 3964; baseline -0.005 -14"><span class='ocrx_word' id='word_1_511' title='bbox 573 3903 815 3950; x_wconf 88' lang='lat' dir='ltr'><strong>semente</strong></span> <span class='ocrx_word' id='word_1_512' title='bbox 850 3863 1063 3962; x_wconf 75' lang='lat' dir='ltr'><strong>incipit,</strong></span> <span class='ocrx_word' id='word_1_513' title='bbox 1097 3900 1152 3946; x_wconf 92' lang='lat' dir='ltr'><strong>et</strong></span> <span class='ocrx_word' id='word_1_514' title='bbox 1183 3893 1238 3946; x_wconf 93' lang='lat' dir='ltr'><strong>in</strong></span> <span class='ocrx_word' id='word_1_515' title='bbox 1267 3907 1502 3947; x_wconf 89' lang='lat' dir='ltr'><strong>messem</strong></span> <span class='ocrx_word' id='word_1_516' title='bbox 1531 3891 1757 3948; x_wconf 88' lang='lat' dir='ltr'><strong>desinit.</strong></span> <span class='ocrx_word' id='word_1_517' title='bbox 1805 3892 1936 3958; x_wconf 72' lang='lat' dir='ltr'><strong>Quae</strong></span> <span class='ocrx_word' id='word_1_518' title='bbox 1979 3893 2145 3964; x_wconf 80' lang='lat' dir='ltr'><strong>igitur</strong></span> <span class='ocrx_word' id='word_1_519' title='bbox 2244 3863 2484 3919; x_wconf 66' lang='grc' dir='ltr'><strong>Ανίθηυδ</strong></span> <span class='ocrx_word' id='word_1_520' title='bbox 2513 3881 2527 3916; x_wconf 75' lang='grc'><strong><em>⁵</em></strong></span> 
     </span>
    </p>
   </div>
   <div class='ocr_carea' id='block_1_57' title="bbox 570 3968 3541 4056">
    <p class='ocr_par' dir='ltr' id='par_1_57' title="bbox 570 3968 3541 4056">
     <span class='ocr_line' id='line_1_57' title="bbox 570 3968 3541 4056; baseline -0.006 -18"><span class='ocrx_word' id='word_1_521' title='bbox 570 3985 752 4055; x_wconf 89' lang='lat' dir='ltr'><strong>pluvia</strong></span> <span class='ocrx_word' id='word_1_522' title='bbox 802 3984 905 4038; x_wconf 90' lang='lat' dir='ltr'><strong>sub</strong></span> <span class='ocrx_word' id='word_1_523' title='bbox 962 3984 1136 4052; x_wconf 91' lang='lat' dir='ltr'><strong>ipsum</strong></span> <span class='ocrx_word' id='word_1_524' title='bbox 1189 3983 1452 4038; x_wconf 90' lang='lat' dir='ltr'><strong>arationis</strong></span> <span class='ocrx_word' id='word_1_525' title='bbox 1504 3999 1568 4038; x_wconf 90' lang='lat' dir='ltr'><strong>ac</strong></span> <span class='ocrx_word' id='word_1_526' title='bbox 1619 3984 1878 4039; x_wconf 89' lang='lat' dir='ltr'><strong>sementis</strong></span> <span class='ocrx_word' id='word_1_527' title='bbox 1932 3993 2144 4055; x_wconf 89' lang='lat' dir='ltr'><strong>tempus</strong></span> <span class='ocrx_word' id='word_1_528' title='bbox 2316 3975 2563 4056; x_wconf 57' lang='lat' dir='ltr'><strong>Eleiades</strong></span> <span class='ocrx_word' id='word_1_529' title='bbox 2596 3973 2816 4056; x_wconf 64' lang='lat' dir='ltr'><strong>femoris</strong></span> <span class='ocrx_word' id='word_1_530' title='bbox 2839 3972 3037 4040; x_wconf 84' lang='lat' dir='ltr'><strong>pariter</strong></span> <span class='ocrx_word' id='word_1_531' title='bbox 3066 3968 3161 4024; x_wconf 85' lang='lat' dir='ltr'><strong>sub</strong></span> <span class='ocrx_word' id='word_1_532' title='bbox 3200 3969 3304 4038; x_wconf 76' lang='lat' dir='ltr'><strong>ﬁne</strong></span> <span class='ocrx_word' id='word_1_533' title='bbox 3335 3968 3541 4021; x_wconf 78' lang='lat' dir='ltr'><strong>sinistri</strong></span> 
     </span>
    </p>
   </div>
   <div class='ocr_carea' id='block_1_58' title="bbox 571 4043 2838 4146">
    <p class='ocr_par' dir='ltr' id='par_1_58' title="bbox 571 4043 2838 4146">
     <span class='ocr_line' id='line_1_58' title="bbox 571 4043 2838 4146; baseline -0.006 -16"><span class='ocrx_word' id='word_1_534' title='bbox 571 4043 758 4138; x_wconf 58' lang='lat' dir='ltr'><strong>afﬂuit,</strong></span> <span class='ocrx_word' id='word_1_535' title='bbox 783 4089 846 4130; x_wconf 88' lang='lat' dir='ltr'><strong>ea</strong></span> <span class='ocrx_word' id='word_1_536' title='bbox 878 4043 1199 4143; x_wconf 75' lang='lat' dir='ltr'><strong>tempestiva</strong></span> <span class='ocrx_word' id='word_1_537' title='bbox 1229 4082 1285 4128; x_wconf 91' lang='lat' dir='ltr'><strong>et</strong></span> <span class='ocrx_word' id='word_1_538' title='bbox 1320 4085 1532 4129; x_wconf 90' lang='lat' dir='ltr'><strong>matura</strong></span> <span class='ocrx_word' id='word_1_539' title='bbox 1565 4074 1673 4128; x_wconf 89' lang='lat' dir='ltr'><strong>dici</strong></span> <span class='ocrx_word' id='word_1_540' title='bbox 1707 4083 1949 4130; x_wconf 89' lang='lat' dir='ltr'><strong>meretur</strong></span> <span class='ocrx_word' id='word_1_541' title='bbox 1982 4096 1994 4131; x_wconf 89' lang='lat'><strong>:</strong></span> <span class='ocrx_word' id='word_1_542' title='bbox 2024 4043 2144 4146; x_wconf 69' lang='lat' dir='ltr'><strong>qua;</strong></span> <span class='ocrx_word' id='word_1_543' title='bbox 2315 4046 2541 4101; x_wconf 67' lang='grc' dir='ltr'><strong>Ρθνδεω</strong></span> <span class='ocrx_word' id='word_1_544' title='bbox 2575 4043 2838 4114; x_wconf 60' lang='lat' dir='ltr'><strong>Pro-10&quot;&quot;-</strong></span> 
     </span>
    </p>
   </div>
   <div class='ocr_carea' id='block_1_59' title="bbox 570 4149 3827 4238">
    <p class='ocr_par' dir='ltr' id='par_1_59' title="bbox 570 4149 3827 4238">
     <span class='ocr_line' id='line_1_59' title="bbox 570 4149 3827 4238; baseline -0.003 -17"><span class='ocrx_word' id='word_1_545' title='bbox 570 4166 730 4238; x_wconf 89' lang='lat' dir='ltr'><strong>paulo</strong></span> <span class='ocrx_word' id='word_1_546' title='bbox 761 4174 885 4221; x_wconf 91' lang='lat' dir='ltr'><strong>ante</strong></span> <span class='ocrx_word' id='word_1_547' title='bbox 916 4181 1169 4229; x_wconf 90' lang='lat' dir='ltr'><strong>messem,</strong></span> <span class='ocrx_word' id='word_1_548' title='bbox 1203 4165 1355 4220; x_wconf 91' lang='lat' dir='ltr'><strong>tarda</strong></span> <span class='ocrx_word' id='word_1_549' title='bbox 1381 4173 1435 4221; x_wconf 88' lang='lat' dir='ltr'><strong>et</strong></span> <span class='ocrx_word' id='word_1_550' title='bbox 1466 4165 1725 4221; x_wconf 90' lang='lat' dir='ltr'><strong>serotina.</strong></span> <span class='ocrx_word' id='word_1_551' title='bbox 1763 4167 1943 4222; x_wconf 81' lang='lat' dir='ltr'><strong>Altera</strong></span> <span class='ocrx_word' id='word_1_552' title='bbox 1977 4183 2142 4223; x_wconf 90' lang='lat' dir='ltr'><strong>causa</strong></span> <span class='ocrx_word' id='word_1_553' title='bbox 2313 4157 2656 4228; x_wconf 73' lang='lat' dir='ltr'><strong>IlippaPChlls</strong></span> <span class='ocrx_word' id='word_1_554' title='bbox 2694 4156 2790 4210; x_wconf 73' lang='lat' dir='ltr'><strong>lib-</strong></span> <span class='ocrx_word' id='word_1_555' title='bbox 2829 4153 2963 4217; x_wconf 66' lang='lat' dir='ltr'><strong>IE1;</strong></span> <span class='ocrx_word' id='word_1_556' title='bbox 2987 4153 3056 4206; x_wconf 74' lang='grc' dir='ltr'><strong>τὰ</strong></span> <span class='ocrx_word' id='word_1_557' title='bbox 3089 4152 3388 4222; x_wconf 75' lang='grc' dir='ltr'><strong>φαινόμενα</strong></span> <span class='ocrx_word' id='word_1_558' title='bbox 3419 4156 3590 4220; x_wconf 62' lang='lat' dir='ltr'><strong>negat</strong></span> <span class='ocrx_word' id='word_1_559' title='bbox 3615 4149 3827 4206; x_wconf 64' lang='lat' dir='ltr'><strong>Viduas</strong></span> 
     </span>
    </p>
   </div>
   <div class='ocr_carea' id='block_1_60' title="bbox 571 4241 3825 4329">
    <p class='ocr_par' dir='ltr' id='par_1_60' title="bbox 571 4241 3825 4329">
     <span class='ocr_line' id='line_1_60' title="bbox 571 4241 3825 4329; baseline -0.003 -25"><span class='ocrx_word' id='word_1_560' title='bbox 571 4258 640 4312; x_wconf 83' lang='lat' dir='ltr'><strong>ab</strong></span> <span class='ocrx_word' id='word_1_561' title='bbox 673 4257 802 4312; x_wconf 75' lang='lat' dir='ltr'><strong>anni</strong></span> <span class='ocrx_word' id='word_1_562' title='bbox 845 4257 1023 4313; x_wconf 75' lang='lat' dir='ltr'><strong>civilis</strong></span> <span class='ocrx_word' id='word_1_563' title='bbox 1069 4257 1296 4312; x_wconf 81' lang='lat' dir='ltr'><strong>exordio</strong></span> <span class='ocrx_word' id='word_1_564' title='bbox 1351 4260 1554 4327; x_wconf 91' lang='lat' dir='ltr'><strong>petitur</strong></span> <span class='ocrx_word' id='word_1_565' title='bbox 1601 4277 1615 4313; x_wconf 92' lang='lat'><strong>:</strong></span> <span class='ocrx_word' id='word_1_566' title='bbox 1650 4274 1809 4329; x_wconf 92' lang='lat' dir='ltr'><strong>quem</strong></span> <span class='ocrx_word' id='word_1_567' title='bbox 1859 4259 2028 4314; x_wconf 78' lang='lat' dir='ltr'><strong>Judaei</strong></span> <span class='ocrx_word' id='word_1_568' title='bbox 2073 4260 2143 4314; x_wconf 82' lang='lat' dir='ltr'><strong>ab</strong></span> <span class='ocrx_word' id='word_1_569' title='bbox 2243 4263 2364 4303; x_wconf 90' lang='lat' dir='ltr'><strong>esse</strong></span> <span class='ocrx_word' id='word_1_570' title='bbox 2389 4264 2530 4318; x_wconf 88' lang='lat' dir='ltr'><strong>genu</strong></span> <span class='ocrx_word' id='word_1_571' title='bbox 2557 4247 2784 4302; x_wconf 91' lang='lat' dir='ltr'><strong>sinistro</strong></span> <span class='ocrx_word' id='word_1_572' title='bbox 2815 4244 3017 4298; x_wconf 85' lang='lat' dir='ltr'><strong>Persei.</strong></span> <span class='ocrx_word' id='word_1_573' title='bbox 3046 4244 3234 4314; x_wconf 87' lang='lat' dir='ltr'><strong>Itaque</strong></span> <span class='ocrx_word' id='word_1_574' title='bbox 3263 4241 3573 4310; x_wconf 76' lang='grc' dir='ltr'><strong>ἐπιγουνίδα</strong></span> <span class='ocrx_word' id='word_1_575' title='bbox 3604 4241 3825 4311; x_wconf 84' lang='lat' dir='ltr'><strong>quidam</strong></span> 
     </span>
    </p>
   </div>
   <div class='ocr_carea' id='block_1_61' title="bbox 573 4335 2143 4422">
    <p class='ocr_par' dir='ltr' id='par_1_61' title="bbox 573 4349 2141 4422">
     <span class='ocr_line' id='line_1_61' title="bbox 573 4349 2141 4422; baseline 0.001 -18"><span class='ocrx_word' id='word_1_576' title='bbox 573 4358 835 4404; x_wconf 84' lang='lat' dir='ltr'><strong>autumno</strong></span> <span class='ocrx_word' id='word_1_577' title='bbox 859 4358 912 4404; x_wconf 90' lang='lat' dir='ltr'><strong>et</strong></span> <span class='ocrx_word' id='word_1_578' title='bbox 942 4349 1086 4405; x_wconf 90' lang='lat' dir='ltr'><strong>Tisri</strong></span> <span class='ocrx_word' id='word_1_579' title='bbox 1115 4351 1560 4420; x_wconf 85' lang='lat' dir='ltr'><strong>auspicabantur.</strong></span> <span class='ocrx_word' id='word_1_580' title='bbox 1598 4350 1785 4422; x_wconf 85' lang='lat' dir='ltr'><strong>Itaque</strong></span> <span class='ocrx_word' id='word_1_581' title='bbox 1825 4353 2141 4422; x_wconf 87' lang='lat' dir='ltr'><strong>tempestiva</strong></span> 
     </span>
    </p>
   </div>
   <div class='ocr_carea' id='block_1_62' title="bbox 2235 4335 3824 4422">
    <p class='ocr_par' dir='ltr' id='par_1_62' title="bbox 2243 4335 3824 4409">
     <span class='ocr_line' id='line_1_62' title="bbox 2243 4335 3824 4409; baseline -0.008 -11"><span class='ocrx_word' id='word_1_582' title='bbox 2243 4339 2310 4398; x_wconf 86' lang='lat' dir='ltr'><strong>ad</strong></span> <span class='ocrx_word' id='word_1_583' title='bbox 2334 4356 2462 4396; x_wconf 89' lang='lat' dir='ltr'><strong>crus</strong></span> <span class='ocrx_word' id='word_1_584' title='bbox 2503 4341 2776 4409; x_wconf 87' lang='lat' dir='ltr'><strong>integrum</strong></span> <span class='ocrx_word' id='word_1_585' title='bbox 2805 4337 3132 4392; x_wconf 90' lang='lat' dir='ltr'><strong>retulerunt.</strong></span> <span class='ocrx_word' id='word_1_586' title='bbox 3173 4335 3311 4391; x_wconf 78' lang='lat' dir='ltr'><strong>Vide</strong></span> <span class='ocrx_word' id='word_1_587' title='bbox 3342 4335 3651 4390; x_wconf 86' lang='lat' dir='ltr'><strong>Theonem.</strong></span> <span class='ocrx_word' id='word_1_588' title='bbox 3683 4335 3824 4388; x_wconf 86' lang='lat' dir='ltr'><strong>Idem</strong></span> 
     </span>
    </p>
   </div>
   <div class='ocr_carea' id='block_1_63' title="bbox 571 4426 3826 4512">
    <p class='ocr_par' dir='ltr' id='par_1_63' title="bbox 571 4426 3826 4512">
     <span class='ocr_line' id='line_1_63' title="bbox 571 4426 3826 4512; baseline -0.004 -18"><span class='ocrx_word' id='word_1_589' title='bbox 571 4446 720 4496; x_wconf 86' lang='lat' dir='ltr'><strong>recte</strong></span> <span class='ocrx_word' id='word_1_590' title='bbox 740 4440 1101 4500; x_wconf 89' lang='lat' dir='ltr'><strong>vocabantur,</strong></span> <span class='ocrx_word' id='word_1_591' title='bbox 1123 4456 1244 4510; x_wconf 60' lang='lat' dir='ltr'><strong>quae</strong></span> <span class='ocrx_word' id='word_1_592' title='bbox 1268 4441 1491 4495; x_wconf 91' lang='lat' dir='ltr'><strong>ineunte</strong></span> <span class='ocrx_word' id='word_1_593' title='bbox 1514 4456 1695 4507; x_wconf 89' lang='lat' dir='ltr'><strong>anno;</strong></span> <span class='ocrx_word' id='word_1_594' title='bbox 1731 4441 1991 4504; x_wconf 87' lang='lat' dir='ltr'><strong>serotina,</strong></span> <span class='ocrx_word' id='word_1_595' title='bbox 2022 4457 2141 4512; x_wconf 61' lang='lat' dir='ltr'><strong>qua:</strong></span> <span class='ocrx_word' id='word_1_596' title='bbox 2243 4428 2585 4500; x_wconf 89' lang='lat' dir='ltr'><strong>Hipparchus</strong></span> <span class='ocrx_word' id='word_1_597' title='bbox 2611 4431 2853 4484; x_wconf 86' lang='lat' dir='ltr'><strong>Attalum</strong></span> <span class='ocrx_word' id='word_1_598' title='bbox 2884 4427 3257 4500; x_wconf 87' lang='lat' dir='ltr'><strong>reprehendit,</strong></span> <span class='ocrx_word' id='word_1_599' title='bbox 3281 4426 3426 4496; x_wconf 92' lang='lat' dir='ltr'><strong>quod</strong></span> <span class='ocrx_word' id='word_1_600' title='bbox 3450 4441 3545 4480; x_wconf 75' lang='lat' dir='ltr'><strong>sex</strong></span> <span class='ocrx_word' id='word_1_601' title='bbox 3572 4440 3713 4481; x_wconf 85' lang='lat' dir='ltr'><strong>esse</strong></span> <span class='ocrx_word' id='word_1_602' title='bbox 3744 4438 3826 4481; x_wconf 70' lang='lat' dir='ltr'><strong>Sor</strong></span> 
     </span>
    </p>
   </div>
   <div class='ocr_carea' id='block_1_64' title="bbox 570 4515 2143 4603">
    <p class='ocr_par' dir='ltr' id='par_1_64' title="bbox 570 4527 2140 4599">
     <span class='ocr_line' id='line_1_64' title="bbox 570 4527 2140 4599; baseline 0.003 -18"><span class='ocrx_word' id='word_1_603' title='bbox 570 4528 870 4583; x_wconf 89' lang='lat' dir='ltr'><strong>inclinante</strong></span> <span class='ocrx_word' id='word_1_604' title='bbox 901 4527 1122 4583; x_wconf 85' lang='lat' dir='ltr'><strong>fiebant.</strong></span> <span class='ocrx_word' id='word_1_605' title='bbox 1166 4527 1291 4582; x_wconf 66' lang='lat' dir='ltr'><strong>llaec</strong></span> <span class='ocrx_word' id='word_1_606' title='bbox 1323 4529 1370 4582; x_wconf 90' lang='lat' dir='ltr'><strong>si</strong></span> <span class='ocrx_word' id='word_1_607' title='bbox 1399 4544 1527 4583; x_wconf 87' lang='lat' dir='ltr'><strong>vera</strong></span> <span class='ocrx_word' id='word_1_608' title='bbox 1569 4536 1718 4592; x_wconf 81' lang='lat' dir='ltr'><strong>sunt,</strong></span> <span class='ocrx_word' id='word_1_609' title='bbox 1757 4529 2000 4599; x_wconf 87' lang='lat' dir='ltr'><strong>profecto</strong></span> <span class='ocrx_word' id='word_1_610' title='bbox 2031 4548 2140 4586; x_wconf 91' lang='lat' dir='ltr'><strong>non</strong></span> 
     </span>
    </p>
   </div>
   <div class='ocr_carea' id='block_1_65' title="bbox 2235 4515 3828 4603">
    <p class='ocr_par' dir='ltr' id='par_1_65' title="bbox 2244 4515 3828 4585">
     <span class='ocr_line' id='line_1_65' title="bbox 2244 4515 3828 4585; baseline -0.005 -14"><span class='ocrx_word' id='word_1_611' title='bbox 2244 4519 2326 4574; x_wconf 89' lang='lat' dir='ltr'><strong>las</strong></span> <span class='ocrx_word' id='word_1_612' title='bbox 2355 4520 2574 4581; x_wconf 79' lang='lat' dir='ltr'><strong>dixerit,</strong></span> <span class='ocrx_word' id='word_1_613' title='bbox 2604 4535 2726 4575; x_wconf 93' lang='lat' dir='ltr'><strong>cum</strong></span> <span class='ocrx_word' id='word_1_614' title='bbox 2763 4520 2875 4574; x_wconf 90' lang='lat' dir='ltr'><strong>sint</strong></span> <span class='ocrx_word' id='word_1_615' title='bbox 2921 4531 3151 4572; x_wconf 90' lang='lat' dir='ltr'><strong>numero</strong></span> <span class='ocrx_word' id='word_1_616' title='bbox 3182 4525 3409 4585; x_wconf 90' lang='lat' dir='ltr'><strong>septem,</strong></span> <span class='ocrx_word' id='word_1_617' title='bbox 3439 4523 3502 4568; x_wconf 89' lang='lat' dir='ltr'><strong>ut</strong></span> <span class='ocrx_word' id='word_1_618' title='bbox 3538 4523 3596 4568; x_wconf 88' lang='lat' dir='ltr'><strong>et</strong></span> <span class='ocrx_word' id='word_1_619' title='bbox 3624 4515 3828 4568; x_wconf 83' lang='lat' dir='ltr'><strong>Aratus</strong></span> 
     </span>
    </p>
   </div>
   <div class='ocr_carea' id='block_1_66' title="bbox 569 4601 2143 4688">
    <p class='ocr_par' dir='ltr' id='par_1_66' title="bbox 569 4617 2138 4688">
     <span class='ocr_line' id='line_1_66' title="bbox 569 4617 2138 4688; baseline 0.004 -18"><span class='ocrx_word' id='word_1_620' title='bbox 569 4617 679 4672; x_wconf 85' lang='lat' dir='ltr'><strong>alio</strong></span> <span class='ocrx_word' id='word_1_621' title='bbox 711 4633 875 4672; x_wconf 89' lang='lat' dir='ltr'><strong>sensu</strong></span> <span class='ocrx_word' id='word_1_622' title='bbox 911 4619 1232 4688; x_wconf 88' lang='lat' dir='ltr'><strong>tempestiva</strong></span> <span class='ocrx_word' id='word_1_623' title='bbox 1263 4629 1316 4675; x_wconf 88' lang='lat' dir='ltr'><strong>et</strong></span> <span class='ocrx_word' id='word_1_624' title='bbox 1357 4621 1601 4674; x_wconf 89' lang='lat' dir='ltr'><strong>serotina</strong></span> <span class='ocrx_word' id='word_1_625' title='bbox 1635 4620 1812 4675; x_wconf 87' lang='lat' dir='ltr'><strong>fetura</strong></span> <span class='ocrx_word' id='word_1_626' title='bbox 1843 4621 1912 4677; x_wconf 89' lang='lat' dir='ltr'><strong>ab</strong></span> <span class='ocrx_word' id='word_1_627' title='bbox 1947 4621 2138 4678; x_wconf 83' lang='lat' dir='ltr'><strong>iisdem</strong></span> 
     </span>
    </p>
   </div>
   <div class='ocr_carea' id='block_1_67' title="bbox 2235 4601 3830 4688">
    <p class='ocr_par' dir='ltr' id='par_1_67' title="bbox 2243 4601 3830 4677">
     <span class='ocr_line' id='line_1_67' title="bbox 2243 4601 3830 4677; baseline -0.004 -15"><span class='ocrx_word' id='word_1_628' title='bbox 2243 4609 2467 4674; x_wconf 89' lang='lat' dir='ltr'><strong>cecinit;</strong></span> <span class='ocrx_word' id='word_1_629' title='bbox 2519 4608 2613 4663; x_wconf 91' lang='lat' dir='ltr'><strong>sed</strong></span> <span class='ocrx_word' id='word_1_630' title='bbox 2648 4622 2812 4661; x_wconf 90' lang='lat' dir='ltr'><strong>unam</strong></span> <span class='ocrx_word' id='word_1_631' title='bbox 2869 4607 3093 4661; x_wconf 89' lang='lat' dir='ltr'><strong>minime</strong></span> <span class='ocrx_word' id='word_1_632' title='bbox 3141 4620 3419 4677; x_wconf 89' lang='lat' dir='ltr'><strong>apparere.</strong></span> <span class='ocrx_word' id='word_1_633' title='bbox 3459 4601 3633 4656; x_wconf 88' lang='lat' dir='ltr'><strong>Addit</strong></span> <span class='ocrx_word' id='word_1_634' title='bbox 3682 4601 3830 4656; x_wconf 85' lang='lat' dir='ltr'><strong>Theo</strong></span> 
     </span>
    </p>
   </div>
   <div class='ocr_carea' id='block_1_68' title="bbox 567 4695 3830 4784">
    <p class='ocr_par' dir='ltr' id='par_1_68' title="bbox 567 4695 3830 4784">
     <span class='ocr_line' id='line_1_68' title="bbox 567 4695 3830 4784; baseline -0.008 -11"><span class='ocrx_word' id='word_1_635' title='bbox 567 4709 768 4766; x_wconf 54' lang='lat' dir='ltr'><strong>Iudicis</strong></span> <span class='ocrx_word' id='word_1_636' title='bbox 802 4719 1062 4774; x_wconf 73' lang='lat' dir='ltr'><strong>usurpata</strong></span> <span class='ocrx_word' id='word_1_637' title='bbox 1087 4711 1322 4776; x_wconf 75' lang='lat' dir='ltr'><strong>videtur,</strong></span> <span class='ocrx_word' id='word_1_638' title='bbox 1359 4729 1522 4784; x_wconf 89' lang='lat' dir='ltr'><strong>quam</strong></span> <span class='ocrx_word' id='word_1_639' title='bbox 1552 4730 1661 4784; x_wconf 92' lang='lat' dir='ltr'><strong>quo</strong></span> <span class='ocrx_word' id='word_1_640' title='bbox 1691 4714 1924 4783; x_wconf 91' lang='lat' dir='ltr'><strong>pluviam</strong></span> <span class='ocrx_word' id='word_1_641' title='bbox 1964 4715 2142 4784; x_wconf 77' lang='lat' dir='ltr'><strong>appel-</strong></span> <span class='ocrx_word' id='word_1_642' title='bbox 2238 4700 2569 4770; x_wconf 86' lang='lat' dir='ltr'><strong>triangulum</strong></span> <span class='ocrx_word' id='word_1_643' title='bbox 2599 4699 2724 4754; x_wconf 90' lang='lat' dir='ltr'><strong>illas</strong></span> <span class='ocrx_word' id='word_1_644' title='bbox 2753 4697 2952 4761; x_wconf 77' lang='lat' dir='ltr'><strong>facere,</strong></span> <span class='ocrx_word' id='word_1_645' title='bbox 2977 4698 3136 4767; x_wconf 87' lang='lat' dir='ltr'><strong>cujus</strong></span> <span class='ocrx_word' id='word_1_646' title='bbox 3159 4697 3308 4752; x_wconf 88' lang='lat' dir='ltr'><strong>basis</strong></span> <span class='ocrx_word' id='word_1_647' title='bbox 3340 4695 3407 4749; x_wconf 93' lang='lat' dir='ltr'><strong>ad</strong></span> <span class='ocrx_word' id='word_1_648' title='bbox 3436 4702 3620 4748; x_wconf 88' lang='lat' dir='ltr'><strong>ortum</strong></span> <span class='ocrx_word' id='word_1_649' title='bbox 3654 4697 3830 4766; x_wconf 64' lang='lat' dir='ltr'><strong>respi-</strong></span> 
     </span>
    </p>
   </div>
   <div class='ocr_carea' id='block_1_69' title="bbox 565 4787 2143 4860">
    <p class='ocr_par' dir='ltr' id='par_1_69' title="bbox 565 4801 2138 4860">
     <span class='ocr_line' id='line_1_69' title="bbox 565 4801 2138 4860; baseline 0.002 -5"><span class='ocrx_word' id='word_1_650' title='bbox 565 4801 735 4857; x_wconf 83' lang='lat' dir='ltr'><strong>latam</strong></span> <span class='ocrx_word' id='word_1_651' title='bbox 794 4816 858 4857; x_wconf 91' lang='lat' dir='ltr'><strong>ac</strong></span> <span class='ocrx_word' id='word_1_652' title='bbox 902 4803 1219 4858; x_wconf 88' lang='lat' dir='ltr'><strong>distinctam</strong></span> <span class='ocrx_word' id='word_1_653' title='bbox 1272 4805 1416 4860; x_wconf 82' lang='lat' dir='ltr'><strong>inter</strong></span> <span class='ocrx_word' id='word_1_654' title='bbox 1467 4820 1658 4860; x_wconf 91' lang='lat' dir='ltr'><strong>omnes</strong></span> <span class='ocrx_word' id='word_1_655' title='bbox 1703 4805 1972 4858; x_wconf 89' lang='lat' dir='ltr'><strong>convenit.</strong></span> <span class='ocrx_word' id='word_1_656' title='bbox 2015 4803 2138 4858; x_wconf 81' lang='lat' dir='ltr'><strong>Ideo</strong></span> 
     </span>
    </p>
   </div>
   <div class='ocr_carea' id='block_1_70' title="bbox 2235 4787 3832 4860">
    <p class='ocr_par' dir='ltr' id='par_1_70' title="bbox 2239 4787 3832 4860">
     <span class='ocr_line' id='line_1_70' title="bbox 2239 4787 3832 4860; baseline -0.003 -14"><span class='ocrx_word' id='word_1_657' title='bbox 2239 4793 2348 4856; x_wconf 90' lang='lat' dir='ltr'><strong>cit;</strong></span> <span class='ocrx_word' id='word_1_658' title='bbox 2374 4807 2548 4860; x_wconf 92' lang='lat' dir='ltr'><strong>neque</strong></span> <span class='ocrx_word' id='word_1_659' title='bbox 2587 4805 2784 4859; x_wconf 90' lang='lat' dir='ltr'><strong>magno</strong></span> <span class='ocrx_word' id='word_1_660' title='bbox 2821 4791 2998 4859; x_wconf 91' lang='lat' dir='ltr'><strong>spatio</strong></span> <span class='ocrx_word' id='word_1_661' title='bbox 3037 4789 3344 4844; x_wconf 89' lang='lat' dir='ltr'><strong>contineri:</strong></span> <span class='ocrx_word' id='word_1_662' title='bbox 3382 4788 3577 4856; x_wconf 91' lang='lat' dir='ltr'><strong>quippe</strong></span> <span class='ocrx_word' id='word_1_663' title='bbox 3614 4787 3675 4839; x_wconf 89' lang='lat' dir='ltr'><strong>in</strong></span> <span class='ocrx_word' id='word_1_664' title='bbox 3712 4788 3832 4841; x_wconf 89' lang='lat' dir='ltr'><strong>lon-</strong></span> 
     </span>
    </p>
   </div>
   <div class='ocr_carea' id='block_1_71' title="bbox 566 4876 2143 4965">
    <p class='ocr_par' dir='ltr' id='par_1_71' title="bbox 566 4895 2134 4965">
     <span class='ocr_line' id='line_1_71' title="bbox 566 4895 2134 4965; baseline -0.001 -17"><span class='ocrx_word' id='word_1_665' title='bbox 566 4895 944 4965; x_wconf 84' lang='lat' dir='ltr'><strong>tempestivam</strong></span> <span class='ocrx_word' id='word_1_666' title='bbox 975 4895 1340 4952; x_wconf 86' lang='lat' dir='ltr'><strong>admissuram</strong></span> <span class='ocrx_word' id='word_1_667' title='bbox 1372 4897 1741 4952; x_wconf 90' lang='lat' dir='ltr'><strong>autumnalem</strong></span> <span class='ocrx_word' id='word_1_668' title='bbox 1770 4935 1785 4959; x_wconf 91' lang='lat'><strong>,</strong></span> <span class='ocrx_word' id='word_1_669' title='bbox 1817 4896 2134 4958; x_wconf 83' lang='lat' dir='ltr'><strong>serotinam,</strong></span> 
     </span>
    </p>
   </div>
   <div class='ocr_carea' id='block_1_72' title="bbox 2235 4876 3830 4965">
    <p class='ocr_par' dir='ltr' id='par_1_72' title="bbox 2238 4876 3830 4949">
     <span class='ocr_line' id='line_1_72' title="bbox 2238 4876 3830 4949; baseline -0.004 -15"><span class='ocrx_word' id='word_1_670' title='bbox 2238 4879 2534 4949; x_wconf 87' lang='lat' dir='ltr'><strong>gitudinem</strong></span> <span class='ocrx_word' id='word_1_671' title='bbox 2568 4894 2734 4932; x_wconf 89' lang='lat' dir='ltr'><strong>unum</strong></span> <span class='ocrx_word' id='word_1_672' title='bbox 2767 4877 3020 4947; x_wconf 84' lang='lat' dir='ltr'><strong>gradum,</strong></span> <span class='ocrx_word' id='word_1_673' title='bbox 3052 4878 3108 4932; x_wconf 92' lang='lat' dir='ltr'><strong>in</strong></span> <span class='ocrx_word' id='word_1_674' title='bbox 3136 4876 3476 4930; x_wconf 86' lang='lat' dir='ltr'><strong>latitudinem</strong></span> <span class='ocrx_word' id='word_1_675' title='bbox 3498 4876 3700 4944; x_wconf 74' lang='grc' dir='ltr'><strong>ἣμισυ,</strong></span> <span class='ocrx_word' id='word_1_676' title='bbox 3731 4877 3830 4936; x_wconf 52' lang='grc' dir='ltr'><strong>καὶ</strong></span> 
     </span>
    </p>
   </div>
   <div class='ocr_carea' id='block_1_73' title="bbox 567 4962 2143 5064">
    <p class='ocr_par' dir='ltr' id='par_1_73' title="bbox 567 4992 1749 5063">
     <span class='ocr_line' id='line_1_73' title="bbox 567 4992 1749 5063; baseline 0.001 -19"><span class='ocrx_word' id='word_1_677' title='bbox 567 5005 792 5045; x_wconf 84' lang='lat' dir='ltr'><strong>vernam</strong></span> <span class='ocrx_word' id='word_1_678' title='bbox 819 4999 913 5045; x_wconf 90' lang='lat' dir='ltr'><strong>aut</strong></span> <span class='ocrx_word' id='word_1_679' title='bbox 945 4992 1185 5047; x_wconf 66' lang='lat' dir='ltr'><strong>aestivam</strong></span> <span class='ocrx_word' id='word_1_680' title='bbox 1216 4993 1441 5062; x_wconf 79' lang='lat' dir='ltr'><strong>intelligi</strong></span> <span class='ocrx_word' id='word_1_681' title='bbox 1473 5007 1573 5063; x_wconf 87' lang='lat' dir='ltr'><strong>par</strong></span> <span class='ocrx_word' id='word_1_682' title='bbox 1593 5000 1696 5048; x_wconf 90' lang='lat' dir='ltr'><strong>est.</strong></span> <span class='ocrx_word' id='word_1_683' title='bbox 1742 5011 1749 5017; x_wconf 94' lang='grc'>·</span> 
     </span>
    </p>
   </div>
   <div class='ocr_carea' id='block_1_74' title="bbox 2235 4962 3818 5064">
    <p class='ocr_par' dir='ltr' id='par_1_74' title="bbox 2237 4962 3818 5039">
     <span class='ocr_line' id='line_1_74' title="bbox 2237 4962 3818 5039; baseline -0.004 -14"><span class='ocrx_word' id='word_1_684' title='bbox 2237 4972 2440 5039; x_wconf 74' lang='grc' dir='ltr'><strong>ὃγδοον,</strong></span> <span class='ocrx_word' id='word_1_685' title='bbox 2465 4984 2752 5038; x_wconf 87' lang='lat' dir='ltr'><strong>occupare,</strong></span> <span class='ocrx_word' id='word_1_686' title='bbox 2777 4969 2878 5023; x_wconf 90' lang='lat' dir='ltr'><strong>hoc</strong></span> <span class='ocrx_word' id='word_1_687' title='bbox 2903 4976 2986 5022; x_wconf 91' lang='lat' dir='ltr'><strong>est</strong></span> <span class='ocrx_word' id='word_1_688' title='bbox 3019 4968 3386 5037; x_wconf 83' lang='lat' dir='ltr'><strong>sexagesimas</strong></span> <span class='ocrx_word' id='word_1_689' title='bbox 3427 4965 3507 5018; x_wconf 77' lang='lat'><strong>37&#39;</strong></span> <span class='ocrx_word' id='word_1_690' title='bbox 3540 4962 3672 5032; x_wconf 64' lang='grc' dir='ltr'><strong>ιβ..</strong></span> <span class='ocrx_word' id='word_1_691' title='bbox 3701 4962 3818 5018; x_wconf 87' lang='lat' dir='ltr'><strong>Ha-</strong></span> 
     </span>
    </p>
   </div>
   <div class='ocr_carea' id='block_1_75' title="bbox 635 5055 3828 5160">
    <p class='ocr_par' dir='ltr' id='par_1_75' title="bbox 635 5055 3828 5160">
     <span class='ocr_line' id='line_1_75' title="bbox 635 5055 3828 5160; baseline -0.002 -25"><span class='ocrx_word' id='word_1_692' title='bbox 635 5082 784 5138; x_wconf 86' lang='lat' dir='ltr'><strong>Alias</strong></span> <span class='ocrx_word' id='word_1_693' title='bbox 813 5091 1011 5147; x_wconf 87' lang='lat' dir='ltr'><strong>autem,</strong></span> <span class='ocrx_word' id='word_1_694' title='bbox 1054 5098 1116 5137; x_wconf 93' lang='lat' dir='ltr'><strong>ac</strong></span> <span class='ocrx_word' id='word_1_695' title='bbox 1145 5093 1368 5153; x_wconf 90' lang='lat' dir='ltr'><strong>propter</strong></span> <span class='ocrx_word' id='word_1_696' title='bbox 1392 5055 1599 5139; x_wconf 73' lang='lat' dir='ltr'><strong>diversi</strong></span> <span class='ocrx_word' id='word_1_697' title='bbox 1633 5084 1852 5155; x_wconf 79' lang='lat' dir='ltr'><strong>generis</strong></span> <span class='ocrx_word' id='word_1_698' title='bbox 1879 5095 2140 5154; x_wconf 86' lang='lat' dir='ltr'><strong>opportu-</strong></span> <span class='ocrx_word' id='word_1_699' title='bbox 2238 5079 2358 5160; x_wconf 61' lang='grc' dir='ltr'><strong>τυξη</strong></span> <span class='ocrx_word' id='word_1_700' title='bbox 2393 5062 2594 5160; x_wconf 39' lang='lat' dir='ltr'><strong>Tw”:</strong></span> <span class='ocrx_word' id='word_1_701' title='bbox 2637 5076 2757 5133; x_wconf 66' lang='grc' dir='ltr'><strong>(ιυτε</strong></span> <span class='ocrx_word' id='word_1_702' title='bbox 2787 5068 2840 5160; x_wconf 59' lang='grc' dir='ltr'><strong>(ξι</strong></span> <span class='ocrx_word' id='word_1_703' title='bbox 2881 5058 3064 5114; x_wconf 64' lang='grc' dir='ltr'><strong>Ῑυθίάθ</strong></span> <span class='ocrx_word' id='word_1_704' title='bbox 3111 5055 3397 5160; x_wconf 52' lang='grc' dir='ltr'><strong>ΡῘείεξάξπη</strong></span> <span class='ocrx_word' id='word_1_705' title='bbox 3440 5055 3671 5160; x_wconf 25' lang='grc' dir='ltr'><strong>ἀῄίοίίωξν</strong></span> 
     </span>
    </p>
   </div>
   <div class='ocr_carea' id='block_1_76' title="bbox 568 5146 2143 5249">
    <p class='ocr_par' dir='ltr' id='par_1_76' title="bbox 568 5146 2134 5246">
     <span class='ocr_line' id='line_1_76' title="bbox 568 5146 2134 5246; baseline -0.003 -17"><span class='ocrx_word' id='word_1_706' title='bbox 568 5174 768 5229; x_wconf 90' lang='lat' dir='ltr'><strong>nitates</strong></span> <span class='ocrx_word' id='word_1_707' title='bbox 801 5146 1208 5243; x_wconf 84' lang='lat' dir='ltr'><strong>tempestivum,</strong></span> <span class='ocrx_word' id='word_1_708' title='bbox 1234 5146 1348 5230; x_wconf 79' lang='lat' dir='ltr'><strong>sive</strong></span> <span class='ocrx_word' id='word_1_709' title='bbox 1373 5174 1618 5246; x_wconf 84' lang='grc' dir='ltr'><strong>πρώϊμον</strong></span> <span class='ocrx_word' id='word_1_710' title='bbox 1635 5146 1722 5228; x_wconf 49' lang='grc' dir='ltr'><strong>νῆά</strong></span> <span class='ocrx_word' id='word_1_711' title='bbox 1762 5173 1870 5228; x_wconf 90' lang='lat' dir='ltr'><strong>dici</strong></span> <span class='ocrx_word' id='word_1_712' title='bbox 1899 5146 2134 5243; x_wconf 79' lang='lat' dir='ltr'><strong>poterat,</strong></span> 
     </span>
    </p>
   </div>
   <div class='ocr_carea' id='block_1_77' title="bbox 2235 5146 3824 5249">
    <p class='ocr_par' dir='ltr' id='par_1_77' title="bbox 2237 5146 3824 5226">
     <span class='ocr_line' id='line_1_77' title="bbox 2237 5146 3824 5226; baseline -0.006 -18"><span class='ocrx_word' id='word_1_713' title='bbox 2237 5155 2536 5226; x_wconf 84' lang='lat' dir='ltr'><strong>gnitudinis</strong></span> <span class='ocrx_word' id='word_1_714' title='bbox 2573 5160 2657 5208; x_wconf 90' lang='lat' dir='ltr'><strong>est</strong></span> <span class='ocrx_word' id='word_1_715' title='bbox 2684 5152 2890 5218; x_wconf 66' lang='lat' dir='ltr'><strong>tertiae;</strong></span> <span class='ocrx_word' id='word_1_716' title='bbox 2923 5160 3131 5206; x_wconf 65' lang='lat' dir='ltr'><strong>caetera:</strong></span> <span class='ocrx_word' id='word_1_717' title='bbox 3161 5149 3390 5219; x_wconf 63' lang='lat' dir='ltr'><strong>quintae,</strong></span> <span class='ocrx_word' id='word_1_718' title='bbox 3433 5154 3490 5200; x_wconf 89' lang='lat' dir='ltr'><strong>et</strong></span> <span class='ocrx_word' id='word_1_719' title='bbox 3521 5157 3719 5201; x_wconf 78' lang='lat' dir='ltr'><strong>sextae.</strong></span> <span class='ocrx_word' id='word_1_720' title='bbox 3751 5146 3824 5200; x_wconf 81' lang='lat' dir='ltr'><strong>Ita</strong></span> 
     </span>
    </p>
   </div>
   <div class='ocr_carea' id='block_1_78' title="bbox 567 5238 3827 5344">
    <p class='ocr_par' dir='ltr' id='par_1_78' title="bbox 567 5238 3827 5344">
     <span class='ocr_line' id='line_1_78' title="bbox 567 5238 3827 5344; baseline -0.004 -24"><span class='ocrx_word' id='word_1_721' title='bbox 567 5265 712 5336; x_wconf 90' lang='lat' dir='ltr'><strong>quod</strong></span> <span class='ocrx_word' id='word_1_722' title='bbox 767 5279 894 5321; x_wconf 89' lang='lat' dir='ltr'><strong>vere</strong></span> <span class='ocrx_word' id='word_1_723' title='bbox 915 5238 1199 5332; x_wconf 9' lang='lat' dir='ltr'><strong>-accidit;r</strong></span> <span class='ocrx_word' id='word_1_724' title='bbox 1239 5238 1575 5331; x_wconf 79' lang='lat' dir='ltr'><strong>serotinum,</strong></span> <span class='ocrx_word' id='word_1_725' title='bbox 1638 5267 1780 5336; x_wconf 86' lang='lat' dir='ltr'><strong>quod</strong></span> <span class='ocrx_word' id='word_1_726' title='bbox 1841 5238 2138 5318; x_wconf 76' lang='lat' dir='ltr'><strong>inclinante</strong></span> <span class='ocrx_word' id='word_1_727' title='bbox 2238 5264 2359 5303; x_wconf 72' lang='lat' dir='ltr'><strong>cum</strong></span> <span class='ocrx_word' id='word_1_728' title='bbox 2399 5248 2610 5317; x_wconf 69' lang='grc' dir='ltr'><strong>ειίευω</strong></span> <span class='ocrx_word' id='word_1_729' title='bbox 2637 5247 2768 5308; x_wconf 73' lang='grc' dir='ltr'><strong>δίηῑν</strong></span> <span class='ocrx_word' id='word_1_730' title='bbox 2800 5257 3119 5344; x_wconf 40' lang='grc' dir='ltr'><strong>ηιξιε-ηθτυηι</strong></span> <span class='ocrx_word' id='word_1_731' title='bbox 3165 5251 3346 5344; x_wconf 51' lang='lat' dir='ltr'><strong>Eme&quot;</strong></span> <span class='ocrx_word' id='word_1_732' title='bbox 3391 5252 3577 5292; x_wconf 63' lang='lat' dir='ltr'><strong>rerum</strong></span> <span class='ocrx_word' id='word_1_733' title='bbox 3611 5238 3827 5308; x_wconf 70' lang='grc' dir='ltr'><strong>εῑεηὶίὶ-</strong></span> 
     </span>
    </p>
   </div>
   <div class='ocr_carea' id='block_1_79' title="bbox 565 5333 3387 5430">
    <p class='ocr_par' dir='ltr' id='par_1_79' title="bbox 565 5333 3387 5430">
     <span class='ocr_line' id='line_1_79' title="bbox 565 5333 3387 5430; baseline -0.003 -17"><span class='ocrx_word' id='word_1_734' title='bbox 565 5333 677 5429; x_wconf 77' lang='lat' dir='ltr'><strong>iam</strong></span> <span class='ocrx_word' id='word_1_735' title='bbox 708 5373 871 5422; x_wconf 91' lang='lat' dir='ltr'><strong>anno,</strong></span> <span class='ocrx_word' id='word_1_736' title='bbox 893 5359 1158 5428; x_wconf 90' lang='lat' dir='ltr'><strong>siquidem</strong></span> <span class='ocrx_word' id='word_1_737' title='bbox 1189 5366 1249 5414; x_wconf 91' lang='lat' dir='ltr'><strong>ut</strong></span> <span class='ocrx_word' id='word_1_738' title='bbox 1276 5360 1342 5414; x_wconf 92' lang='lat' dir='ltr'><strong>ad</strong></span> <span class='ocrx_word' id='word_1_739' title='bbox 1367 5361 1462 5415; x_wconf 91' lang='lat' dir='ltr'><strong>lib.</strong></span> <span class='ocrx_word' id='word_1_740' title='bbox 1493 5359 1534 5413; x_wconf 92' lang='lat' dir='ltr'><strong>ll</strong></span> <span class='ocrx_word' id='word_1_741' title='bbox 1566 5333 1758 5430; x_wconf 55' lang='lat' dir='ltr'><strong>Odgss.</strong></span> <span class='ocrx_word' id='word_1_742' title='bbox 1789 5357 1890 5414; x_wconf 90' lang='lat' dir='ltr'><strong>sub</strong></span> <span class='ocrx_word' id='word_1_743' title='bbox 1924 5357 2135 5410; x_wconf 91' lang='lat' dir='ltr'><strong>initium</strong></span> <span class='ocrx_word' id='word_1_744' title='bbox 2238 5339 2486 5393; x_wconf 68' lang='grc' dir='ltr'><strong>εθῑίοηθε</strong></span> <span class='ocrx_word' id='word_1_745' title='bbox 2516 5337 2720 5391; x_wconf 63' lang='lat' dir='ltr'><strong>habere</strong></span> <span class='ocrx_word' id='word_1_746' title='bbox 2749 5334 3136 5390; x_wconf 63' lang='lat' dir='ltr'><strong>Cmdebamur-</strong></span> <span class='ocrx_word' id='word_1_747' title='bbox 3162 5333 3387 5386; x_wconf 59' lang='lat' dir='ltr'><strong>Cicero:</strong></span> 
     </span>
    </p>
   </div>
   <div class='ocr_carea' id='block_1_80' title="bbox 568 5441 2143 5523">
    <p class='ocr_par' dir='ltr' id='par_1_80' title="bbox 568 5443 2138 5523">
     <span class='ocr_line' id='line_1_80' title="bbox 568 5443 2138 5523; baseline -0.001 -19"><span class='ocrx_word' id='word_1_748' title='bbox 568 5452 821 5506; x_wconf 89' lang='lat' dir='ltr'><strong>observat</strong></span> <span class='ocrx_word' id='word_1_749' title='bbox 849 5449 1421 5523; x_wconf 65' lang='lat' dir='ltr'><strong>Eustathiusz‘Mtxpog</strong></span> <span class='ocrx_word' id='word_1_750' title='bbox 1451 5469 1534 5516; x_wconf 86' lang='grc' dir='ltr'><strong>τις</strong></span> <span class='ocrx_word' id='word_1_751' title='bbox 1564 5451 1805 5514; x_wconf 72' lang='grc' dir='ltr'><strong>ἐνιαυτὸς</strong></span> <span class='ocrx_word' id='word_1_752' title='bbox 1832 5450 2039 5520; x_wconf 78' lang='grc' dir='ltr'><strong>ἡμέρα·</strong></span> <span class='ocrx_word' id='word_1_753' title='bbox 2069 5443 2138 5519; x_wconf 84' lang='grc' dir='ltr'><strong>ἦς</strong></span> 
     </span>
    </p>
   </div>
   <div class='ocr_carea' id='block_1_81' title="bbox 2235 5441 3460 5523">
    <p class='ocr_par' dir='ltr' id='par_1_81' title="bbox 2239 5441 3460 5523">
     <span class='ocr_line' id='line_1_81' title="bbox 2239 5441 3460 5523; baseline -0.007 -22"><span class='ocrx_word' id='word_1_754' title='bbox 2239 5449 2341 5523; x_wconf 75' lang='lat' dir='ltr'><strong>lite</strong></span> <span class='ocrx_word' id='word_1_755' title='bbox 2379 5457 2553 5502; x_wconf 78' lang='lat' dir='ltr'><strong>tenues</strong></span> <span class='ocrx_word' id='word_1_756' title='bbox 2580 5463 2738 5514; x_wconf 82' lang='lat' dir='ltr'><strong>parvo</strong></span> <span class='ocrx_word' id='word_1_757' title='bbox 2775 5446 3010 5523; x_wconf 68' lang='lat' dir='ltr'><strong>labentes</strong></span> <span class='ocrx_word' id='word_1_758' title='bbox 3031 5444 3236 5523; x_wconf 64' lang='lat' dir='ltr'><strong>lumine</strong></span> <span class='ocrx_word' id='word_1_759' title='bbox 3266 5441 3460 5494; x_wconf 84' lang='lat' dir='ltr'><strong>lucent.</strong></span> 
     </span>
    </p>
   </div>
   <div class='ocr_carea' id='block_1_82' title="bbox 570 5515 2143 5614">
    <p class='ocr_par' dir='ltr' id='par_1_82' title="bbox 570 5515 2133 5614">
     <span class='ocr_line' id='line_1_82' title="bbox 570 5515 2133 5614; baseline -0.004 -19"><span class='ocrx_word' id='word_1_760' title='bbox 570 5537 658 5596; x_wconf 72' lang='grc' dir='ltr'><strong>οἷα</strong></span> <span class='ocrx_word' id='word_1_761' title='bbox 703 5543 800 5613; x_wconf 80' lang='grc' dir='ltr'><strong>μὲν</strong></span> <span class='ocrx_word' id='word_1_762' title='bbox 841 5543 1000 5614; x_wconf 73' lang='grc' dir='ltr'><strong>ἔτιρή</strong></span> <span class='ocrx_word' id='word_1_763' title='bbox 1043 5544 1224 5613; x_wconf 78' lang='grc' dir='ltr'>πρωῖα</span> <span class='ocrx_word' id='word_1_764' title='bbox 1257 5515 1347 5597; x_wconf 62' lang='grc' dir='ltr'>διά</span> <span class='ocrx_word' id='word_1_765' title='bbox 1394 5543 1456 5598; x_wconf 85' lang='grc' dir='ltr'>τὸ</span> <span class='ocrx_word' id='word_1_766' title='bbox 1495 5541 1794 5613; x_wconf 77' lang='grc' dir='ltr'><strong>τηνικαῦτα</strong></span> <span class='ocrx_word' id='word_1_767' title='bbox 1839 5515 2133 5610; x_wconf 59' lang='grc' dir='ltr'><strong>έῧκοατονο</strong></span> 
     </span>
    </p>
   </div>
   <div class='ocr_carea' id='block_1_83' title="bbox 2235 5515 3563 5614">
    <p class='ocr_par' dir='ltr' id='par_1_83' title="bbox 2238 5515 3563 5590">
     <span class='ocr_line' id='line_1_83' title="bbox 2238 5515 3563 5590; baseline -0.008 -18"><span class='ocrx_word' id='word_1_768' title='bbox 2238 5521 2308 5572; x_wconf 88' lang='lat' dir='ltr'><strong>At</strong></span> <span class='ocrx_word' id='word_1_769' title='bbox 2346 5535 2591 5590; x_wconf 85' lang='lat' dir='ltr'><strong>magnum</strong></span> <span class='ocrx_word' id='word_1_770' title='bbox 2612 5534 2796 5572; x_wconf 85' lang='lat' dir='ltr'><strong>nomen</strong></span> <span class='ocrx_word' id='word_1_771' title='bbox 2824 5517 2961 5586; x_wconf 87' lang='lat' dir='ltr'><strong>signi</strong></span> <span class='ocrx_word' id='word_1_772' title='bbox 2991 5515 3296 5582; x_wconf 84' lang='lat' dir='ltr'><strong>clarumque</strong></span> <span class='ocrx_word' id='word_1_773' title='bbox 3312 5519 3563 5564; x_wconf 79' lang='lat' dir='ltr'><strong>-vocatur.</strong></span> 
     </span>
    </p>
   </div>
   <div class='ocr_carea' id='block_1_84' title="bbox 572 5618 2143 5707">
    <p class='ocr_par' dir='ltr' id='par_1_84' title="bbox 572 5629 2138 5707">
     <span class='ocr_line' id='line_1_84' title="bbox 572 5629 2138 5707; baseline -0.001 -23"><span class='ocrx_word' id='word_1_774' title='bbox 572 5633 728 5704; x_wconf 83' lang='grc' dir='ltr'>θέρος</span> <span class='ocrx_word' id='word_1_775' title='bbox 753 5635 810 5687; x_wconf 86' lang='grc' dir='ltr'>δὲ</span> <span class='ocrx_word' id='word_1_776' title='bbox 834 5629 944 5688; x_wconf 72' lang='grc' dir='ltr'><em>οἷον</em></span> <span class='ocrx_word' id='word_1_777' title='bbox 969 5637 1032 5688; x_wconf 81' lang='grc' dir='ltr'><strong>τὸ</strong></span> <span class='ocrx_word' id='word_1_778' title='bbox 1061 5637 1159 5706; x_wconf 81' lang='grc' dir='ltr'><strong>τῆς</strong></span> <span class='ocrx_word' id='word_1_779' title='bbox 1182 5636 1398 5707; x_wconf 76' lang='grc' dir='ltr'><strong>ἡμέρας</strong></span> <span class='ocrx_word' id='word_1_780' title='bbox 1429 5635 1589 5706; x_wconf 82' lang='grc' dir='ltr'><strong>μέσον</strong></span> <span class='ocrx_word' id='word_1_781' title='bbox 1609 5653 1623 5666; x_wconf 89' lang='grc'><strong>·</strong></span> <span class='ocrx_word' id='word_1_782' title='bbox 1652 5631 1974 5703; x_wconf 81' lang='grc' dir='ltr'><strong>φθινοπώρῳ</strong></span> <span class='ocrx_word' id='word_1_783' title='bbox 1996 5631 2052 5684; x_wconf 79' lang='grc' dir='ltr'><strong>δὲ</strong></span> <span class='ocrx_word' id='word_1_784' title='bbox 2070 5629 2138 5683; x_wconf 83' lang='grc' dir='ltr'><strong>τὰ</strong></span> 
     </span>
    </p>
   </div>
   <div class='ocr_carea' id='block_1_85' title="bbox 2235 5618 3824 5707">
    <p class='ocr_par' dir='ltr' id='par_1_85' title="bbox 2307 5618 3824 5696">
     <span class='ocr_line' id='line_1_85' title="bbox 2307 5618 3824 5696; baseline -0.009 -11"><span class='ocrx_word' id='word_1_785' title='bbox 2307 5630 2442 5685; x_wconf 86' lang='lat' dir='ltr'><strong>Nam</strong></span> <span class='ocrx_word' id='word_1_786' title='bbox 2471 5637 2524 5686; x_wconf 93' lang='lat' dir='ltr'><strong>et</strong></span> <span class='ocrx_word' id='word_1_787' title='bbox 2557 5628 2788 5693; x_wconf 69' lang='lat' dir='ltr'><strong>aestatis,</strong></span> <span class='ocrx_word' id='word_1_788' title='bbox 2823 5635 2988 5696; x_wconf 92' lang='lat' dir='ltr'><strong>atque</strong></span> <span class='ocrx_word' id='word_1_789' title='bbox 3016 5624 3214 5678; x_wconf 88' lang='lat' dir='ltr'><strong>hiemis</strong></span> <span class='ocrx_word' id='word_1_790' title='bbox 3245 5621 3422 5682; x_wconf 91' lang='lat' dir='ltr'><strong>initia,</strong></span> <span class='ocrx_word' id='word_1_791' title='bbox 3448 5625 3504 5674; x_wconf 92' lang='lat' dir='ltr'><strong>et</strong></span> <span class='ocrx_word' id='word_1_792' title='bbox 3529 5618 3824 5678; x_wconf 89' lang='lat' dir='ltr'><strong>messium.</strong></span> 
     </span>
    </p>
   </div>
   <div class='ocr_carea' id='block_1_86' title="bbox 572 5708 2143 5798">
    <p class='ocr_par' dir='ltr' id='par_1_86' title="bbox 572 5721 2135 5798">
     <span class='ocr_line' id='line_1_86' title="bbox 572 5721 2135 5798; baseline -0.001 -20"><span class='ocrx_word' id='word_1_793' title='bbox 572 5725 700 5794; x_wconf 68' lang='grc' dir='ltr'>περὶ</span> <span class='ocrx_word' id='word_1_794' title='bbox 735 5725 912 5797; x_wconf 82' lang='grc' dir='ltr'><strong>δείλην</strong></span> <span class='ocrx_word' id='word_1_795' title='bbox 953 5726 1124 5780; x_wconf 77' lang='grc' dir='ltr'><strong>ἔοικε·</strong></span> <span class='ocrx_word' id='word_1_796' title='bbox 1171 5727 1436 5798; x_wconf 82' lang='grc' dir='ltr'><strong>χειμῶνος</strong></span> <span class='ocrx_word' id='word_1_797' title='bbox 1465 5727 1522 5780; x_wconf 79' lang='grc' dir='ltr'><strong>δὲ.</strong></span> <span class='ocrx_word' id='word_1_798' title='bbox 1563 5727 1718 5798; x_wconf 72' lang='grc' dir='ltr'><strong>δίκην</strong></span> <span class='ocrx_word' id='word_1_799' title='bbox 1760 5721 2135 5794; x_wconf 77' lang='grc' dir='ltr'><strong>σκυθρωπάζει</strong></span> 
     </span>
    </p>
   </div>
   <div class='ocr_carea' id='block_1_87' title="bbox 2235 5708 3832 5798">
    <p class='ocr_par' dir='ltr' id='par_1_87' title="bbox 2239 5708 3832 5794">
     <span class='ocr_line' id='line_1_87' title="bbox 2239 5708 3832 5794; baseline -0.009 -17"><span class='ocrx_word' id='word_1_800' title='bbox 2239 5732 2403 5794; x_wconf 90' lang='lat' dir='ltr'><strong>atque</strong></span> <span class='ocrx_word' id='word_1_801' title='bbox 2429 5721 2738 5776; x_wconf 90' lang='lat' dir='ltr'><strong>arationum</strong></span> <span class='ocrx_word' id='word_1_802' title='bbox 2765 5729 3010 5788; x_wconf 88' lang='lat' dir='ltr'><strong>tempora</strong></span> <span class='ocrx_word' id='word_1_803' title='bbox 3042 5713 3480 5783; x_wconf 87' lang='lat' dir='ltr'><strong>distinguebant:</strong></span> <span class='ocrx_word' id='word_1_804' title='bbox 3513 5710 3592 5764; x_wconf 90' lang='lat' dir='ltr'><strong>sic</strong></span> <span class='ocrx_word' id='word_1_805' title='bbox 3617 5718 3685 5779; x_wconf 72' lang='lat' dir='ltr'><strong>ut</strong></span> <span class='ocrx_word' id='word_1_806' title='bbox 3714 5708 3832 5764; x_wconf 75' lang='lat' dir='ltr'><strong>nul-</strong></span> 
     </span>
    </p>
   </div>
   <div class='ocr_carea' id='block_1_88' title="bbox 573 5801 2143 5899">
    <p class='ocr_par' dir='ltr' id='par_1_88' title="bbox 573 5819 2133 5899">
     <span class='ocr_line' id='line_1_88' title="bbox 573 5819 2133 5899; baseline 0.002 -24"><span class='ocrx_word' id='word_1_807' title='bbox 573 5820 643 5899; x_wconf 65' lang='grc' dir='ltr'>τὰ</span> <span class='ocrx_word' id='word_1_808' title='bbox 669 5823 802 5894; x_wconf 80' lang='grc' dir='ltr'>πρὸς</span> <span class='ocrx_word' id='word_1_809' title='bbox 843 5823 1098 5896; x_wconf 74' lang='grc' dir='ltr'><strong>ἑσπέραν,</strong></span> <span class='ocrx_word' id='word_1_810' title='bbox 1150 5827 1243 5879; x_wconf 70' lang='grc' dir='ltr'><strong>καὶ</strong></span> <span class='ocrx_word' id='word_1_811' title='bbox 1297 5825 1570 5880; x_wconf 74' lang='grc' dir='ltr'><strong>ἐπέκεινα.</strong></span> <span class='ocrx_word' id='word_1_812' title='bbox 1613 5841 1632 5874; x_wconf 73' lang='grc' dir='ltr'><strong>ε</strong></span> <span class='ocrx_word' id='word_1_813' title='bbox 1669 5821 1876 5892; x_wconf 78' lang='lat' dir='ltr'><strong>Parvus</strong></span> <span class='ocrx_word' id='word_1_814' title='bbox 1914 5819 2133 5892; x_wconf 83' lang='lat' dir='ltr'><strong>quidam</strong></span> 
     </span>
    </p>
   </div>
   <div class='ocr_carea' id='block_1_89' title="bbox 2235 5801 3828 5899">
    <p class='ocr_par' dir='ltr' id='par_1_89' title="bbox 2241 5801 3828 5881">
     <span class='ocr_line' id='line_1_89' title="bbox 2241 5801 3828 5881; baseline -0.008 -11"><span class='ocrx_word' id='word_1_815' title='bbox 2241 5817 2350 5881; x_wconf 84' lang='lat' dir='ltr'><strong>lius</strong></span> <span class='ocrx_word' id='word_1_816' title='bbox 2389 5814 2586 5872; x_wconf 86' lang='lat' dir='ltr'><strong>sideris</strong></span> <span class='ocrx_word' id='word_1_817' title='bbox 2623 5811 2824 5870; x_wconf 89' lang='lat' dir='ltr'><strong>clarior</strong></span> <span class='ocrx_word' id='word_1_818' title='bbox 2853 5809 2993 5881; x_wconf 89' lang='lat' dir='ltr'><strong>apud</strong></span> <span class='ocrx_word' id='word_1_819' title='bbox 3029 5816 3303 5873; x_wconf 86' lang='lat' dir='ltr'><strong>auctores,</strong></span> <span class='ocrx_word' id='word_1_820' title='bbox 3341 5813 3436 5865; x_wconf 81' lang='lat' dir='ltr'><strong>aut</strong></span> <span class='ocrx_word' id='word_1_821' title='bbox 3475 5801 3828 5872; x_wconf 64' lang='lat' dir='ltr'><strong>frequentiae</strong></span> 
     </span>
    </p>
   </div>
  </div>
