4022 6398
189 342 339 398 1577

979 337 1435 397 DISSERTATIO
1474 338 1562 392 DE
1605 337 1790 396 ORTU
1835 339 1922 395 ET
1953 338 2222 395 OCCASU
2264 337 2589 395 SIDERUM.

3307 341 3445 395 I578

183 465 376 513 exstet
408 456 690 512 memoria.
723 455 834 512 Nos
881 457 945 512 ad
991 473 1087 512 eos
1128 456 1487 512 illustrandos
1514 457 1618 511 hoc
1649 456 1772 512 loco
1799 462 1846 518 Α
1873 457 2034 512 telem
2071 456 2319 526 sequitur
2353 457 2450 510 lib.
2481 454 2552 510 IX
2589 453 2896 525 [κείνων.
2926 451 3038 518 XL,
3062 457 3152 524 qui
3181 459 3235 508 et
3257 452 3352 508 lib.
3380 452 3444 518 ν,

184 549 306 631 duo
341 548 586 620 quaedam
634 549 1025 620 explicabimus
1073 569 1085 604 :
1136 550 1368 604 alterum
1421 551 1489 604 de
1525 556 1771 642 tempore

185 648 350 696 ortus
379 641 618 705 illarum,
662 649 715 695 et
746 655 976 696 occasus
1013 681 1028 704 ,
1061 641 1291 694 alterum
1323 641 1390 694 de
1429 640 1557 694 anni
1601 640 1769 709 parti-

181 733 365 800 tione,
382 747 543 803 quam
564 731 756 787 iisdem
781 739 991 787 veteres
1015 732 1318 802 assignant.
1345 730 1592 786 Totidem
1623 732 1769 786 enim

186 821 376 891 capita
415 827 543 876 sunt
580 819 634 874 in
666 819 900 874 Pliniani
933 819 1315 875 exercitatoris
1346 819 1629 875 incondita
1668 818 1771 872 lar-

184 912 403 982 ragine,
435 911 491 965 in
515 927 678 983 quam
703 912 865 982 paulo
895 920 1016 981 post
1050 912 1412 982 inquiremus.

263 1002 342 1058 De
381 1011 502 1057 ortu
545 1018 854 1074 occasuque
883 1001 1159 1057 Pleiadum
1197 1003 1312 1055 triti
1359 1009 1506 1068 sunt,
1539 1017 1636 1057 nec
1682 1010 1766 1055 ta-

185 1110 320 1151 men
351 1095 792 1166 przetermittendi
823 1109 1014 1150 versus
1041 1093 1258 1149 Hesiodi
1281 1093 1323 1147 Il
1360 1095 1516 1162 Ἕρτ.

189 1207 521 1274 Πληῒάδων
565 1207 953 1277 Ἀτλαγενέων
976 1205 1490 1274 ἐπιτελλομενάων

195 1279 476 1346 Ἀρχεσθ’
509 1274 762 1344 ἀμητοῦ·
797 1277 1028 1346 ἀρότοιο
1055 1277 1123 1330 δὲ
1153 1274 1605 1346 δυσσομενᾴων.

195 1344 278 1402 At
300 1344 374 1412 δή
403 1364 491 1400 τοι
519 1348 741 1416 νύκτας
767 1344 952 1399 texat
987 1346 1184 1416 ἤματα
1209 1344 1661 1416 τεσσαράκοντα

185 1418 564 1485 Κεκρύφαται
582 1434 594 1446 ο
626 1412 795 1481 αὖτις
826 1417 893 1468 δὲ
916 1412 1352 1483 περὶπλομένου
1381 1415 1659 1485 ἐνιαυτοῦ

187 1484 530 1551 Φαίνονται,
558 1485 830 1553 ταπρῶτα
863 1485 1338 1555 χαρασσομένοιο
1381 1484 1656 1552 σιδήρου.

196 1597 516 1651 Pleiadibus
548 1597 761 1651 Atlante
787 1599 924 1651 natis
957 1597 1242 1652 orientibus

196 1666 384 1736 Incipe
407 1684 654 1731 messem;
691 1669 978 1721 arationem
1013 1685 1128 1722 vero
1155 1668 1528 1724 occidentibus.

194 1737 336 1801 Qua:
358 1737 576 1808 quidem
621 1750 794 1791 noctes
821 1749 868 1791 et
897 1740 1007 1791 dies
1036 1739 1392 1808 quadraginta

197 1801 549 1860 Occultantur
571 1824 590 1858 :
614 1824 824 1861 rursum
856 1824 973 1861 vero
1011 1801 1437 1863 circumuolvente
1465 1825 1518 1862 se
1558 1825 1694 1862 anno
1794 1801 1840 1860 B

200 1877 496 1945 Apparent,
521 1877 747 1945 primum
787 1887 845 1930 ut
886 1879 1096 1931 acuitur
1125 1878 1343 1948 ferrum.

268 1987 369 2042 Hic
397 1989 722 2044 matutinum
760 1998 940 2044 ortum
993 1989 1334 2060 φαινόμενον,
1386 1991 1499 2044 sive
1542 1991 1766 2061 ἡλιακὸν

191 2080 520 2151 signiﬁcari,
547 2096 610 2136 ac
637 2081 786 2134 δύσιν
819 2079 980 2152 ἑῴαν,
1014 2082 1127 2136 sive
1156 2095 1412 2136 occasum
1445 2083 1765 2148 cosmicum,

195 2187 274 2227 ne
306 2173 458 2242 pueri
502 2173 717 2242 quidem
754 2173 1024 2227 nesciunt.
1084 2171 1302 2228 Hesiodi
1347 2175 1546 2229 saeculo
1609 2183 1766 2232 ortus

189 2264 290 2318 ille
317 2264 664 2335 contingebat
692 2264 747 2318 in
777 2263 976 2318 Tauro.
1009 2263 1187 2320 Stella:
1216 2273 1345 2321 sunt
1372 2266 1618 2338 Vergiliae
1646 2269 1768 2338 plu-

190 2371 325 2410 res:
370 2371 477 2410 una
505 2364 591 2412 est
622 2372 687 2411 ex
729 2357 796 2412 iis
838 2357 1069 2411 lucidior
1104 2359 1336 2426 exteris,
1375 2360 1768 2430 magnitudinis

191 2447 392 2501 tertiae.
445 2446 520 2501 Ea
571 2456 810 2518 tempore
865 2447 1087 2504 Hesiodi
1126 2449 1409 2504 occidebat
1457 2451 1663 2507 heliace
1712 2452 1769 2506 in

190 2541 368 2609 gradu
399 2539 598 2594 Arietis
632 2539 684 2602 4,
713 2540 794 2607 8';
819 2541 1094 2608 oriebatur
1121 2542 1174 2596 in
1202 2541 1368 2596 Tauri
1389 2545 1556 2614 gradu
1581 2545 1667 2609 ll,
1690 2545 1766 2600 4'.

191 2630 269 2684 At
307 2631 480 2699 prima
517 2632 672 2687 stella
701 2648 894 2688 versus
919 2633 1256 2689 occidentem
1298 2651 1552 2691 occasum
1594 2637 1768 2693 helia-

190 2736 323 2775 cum
359 2719 588 2776 faciebat
623 2721 679 2775 in
716 2725 887 2792 gradu
929 2723 1154 2788 Arietis,
1189 2723 1246 2790 0,
1286 2723 1390 2778 51'.
1420 2723 1769 2782 Intervallum

192 2813 342 2867 inter
381 2828 638 2868 occasum
680 2815 869 2883 prima:
915 2813 1218 2880 Pleiadum,
1271 2824 1324 2872 et
1356 2825 1537 2873 ortum
1575 2818 1770 2875 lucida:

193 2905 403 2975 gradus
431 2903 535 2958 40.-
555 2904 747 2961 Merito
778 2906 957 2976 itaque
997 2907 1192 2964 diebus
1235 2909 1500 2964 abscondi
1531 2913 1770 2982 quadra-

193 2999 348 3066 ginta
388 2993 654 3067 Vergilias
681 2999 827 3053 canit
857 2998 1142 3055 Hesiodus.
1171 2997 1263 3054 Sol
1292 3001 1345 3054 in
1376 3000 1610 3057 Arietem
1638 3017 1770 3058 vero

194 3096 355 3142 motu
388 3090 602 3143 subibat
628 3088 848 3145 Hesiodi
888 3098 1132 3161 tempore
1173 3090 1350 3146 Martii
1376 3088 1527 3149 xxxi.
1559 3092 1767 3164 Quippe

194 3194 345 3234 anno
390 3178 513 3235 Per.
554 3177 664 3234 Jul.
711 3181 849 3235 57M
894 3197 1057 3236 verus
1097 3182 1251 3237 locus
1293 3181 1438 3238 Solis
1469 3183 1524 3236 in
1567 3184 1768 3241 Arietis

194 3272 358 3325 initio
397 3272 498 3326 fuit
527 3273 755 3328 Athenis
793 3270 971 3327 Martii
1014 3289 1165 3341 xxxi,
1209 3273 1345 3328 hora
1376 3282 1500 3344 post
1535 3277 1769 3332 mediam

197 3373 419 3418 noctem
453 3364 503 3427 I,
545 3363 649 3419 24'.
680 3363 865 3434 Itaque
891 3365 1135 3420 Taurum
1177 3365 1583 3436 ingrediebatur
1609 3367 1770 3437 Apri-

194 3455 267 3508 lis
302 3471 431 3509 χχχ.
458 3453 584 3508 Maii
625 3455 853 3525 proinde
881 3470 934 3508 ιι
969 3453 1058 3510 die
1100 3454 1284 3510 lucida
1315 3453 1596 3509 Pleiadum
1627 3455 1771 3510 orie-

197 3546 384 3600 batur.
413 3545 617 3598 Ultima
649 3560 777 3600 vero
798 3543 1078 3600 Pleiadum
1112 3546 1179 3601 ad
1212 3548 1476 3602 orientem
1506 3544 1632 3601 Maii
1658 3562 1767 3612 xvi,

197 3653 309 3708 quo
331 3645 573 3709 tempore
606 3639 800 3695 messis
838 3639 1134 3711 incipiebat
1165 3642 1222 3696 in
1255 3641 1488 3697 Graecia.

272 3727 513 3786 Occasus
539 3731 850 3787 earumdem
879 3732 1175 3789 matutinus
1211 3734 1265 3787 in
1289 3733 1462 3789 Libra:
1500 3732 1566 3788 l9
1602 3733 1771 3806 gradu

202 3820 384 3884 ﬁebat,
433 3821 529 3877 sed
571 3822 843 3894 ἀληθινὸς,
887 3838 988 3878 nec
1034 3824 1402 3895 aspectabilis.
1446 3824 1572 3880 Ideo
1625 3825 1774 3880 circa

201 3905 420 3966 initium
451 3912 660 3984 Scorpii
693 3915 1076 3980 ὲπικατᾶδυσις
1105 3916 1401 3990 φαινομένη
1430 3916 1648 3982 accidit,
1686 3917 1773 3972 in-

204 4009 366 4057 eunte
393 4000 702 4058 Novembri.
734 4002 869 4058 Nam
909 4006 1297 4074 aequinoctium
1335 4008 1648 4062 autumnale
1679 4023 1775 4077 per

203 4091 348 4146 idem
385 4099 595 4169 tempus
635 4093 823 4148 incidit
851 4095 906 4148 in
931 4095 1188 4152 Octobris
1217 4096 1455 4153 initium.
1499 4097 1640 4153 Tum
1675 4099 1778 4168 igi-

205 4193 298 4238 tur
345 4185 626 4249 arationis,
674 4200 738 4240 ac
782 4188 1010 4243 sationis
1067 4172 1280 4260 tempus
1330 4191 1576 4263 appetit,
1628 4191 1775 4263 quod

205 4274 466 4346 Virgilius
496 4278 581 4332 his
608 4278 858 4333 versibus
899 4281 1172 4350 expressit
1199 4299 1212 4334 :

204 4389 341 4442 Ante
368 4388 460 4442 tibi
496 4389 620 4444 ane
651 4390 946 4445 Atlantides
976 4394 1389 4457 abscondantur,

208 4457 504 4531 gnosiaque
533 4460 767 4531 ardentis
799 4461 1012 4515 decedat
1040 4463 1196 4516 stella
1223 4463 1461 4531 Coronre,

211 4527 397 4581 Debita
418 4543 570 4598 quam
595 4530 753 4584 sulcis
781 4533 1078 4585 committas
1108 4534 1328 4600 semina,
1352 4527 1456 4589 etc.

283 4660 472 4728 Eoum,
509 4664 560 4718 id
591 4674 675 4720 est
708 4667 1030 4721 matutinum
1061 4683 1316 4724 occasum
1340 4670 1608 4740 intelligit,
1638 4688 1769 4737 non,

211 4759 270 4804 ut
309 4750 530 4806 Servius
559 4760 732 4824 putat,
769 4756 1058 4819 helia‘cum,
1099 4758 1190 4826 qui
1218 4766 1271 4811 et
1305 4757 1554 4828 imperite
1586 4761 1775 4831 Vergi-

211 4844 313 4896 lias
341 4844 413 4896 ait
456 4862 476 4895 ‹
508 4843 799 4920 Novembri
833 4863 1022 4902 mense
1056 4849 1298 4918 incipere
1342 4866 1450 4904 non
1497 4851 1708 4909 videri:
1749 4871 1768 4904 ›

211 4935 364 5003 quasi
399 4936 453 4989 in
479 4935 704 5007 Scorpio
735 4937 851 4991 sitae
880 4939 1048 4993 radiis
1083 4941 1216 4993 solis
1248 4939 1632 4996 obscurentur.

286 5024 357 5078 De
397 5023 584 5081 eodem
618 5035 742 5081 ortu
783 5039 836 5082 et
879 5044 1078 5083 occasu
1120 5027 1384 5099 Virgilius
1425 5046 1640 5100 quoque
1673 5033 1769 5086 lib.

215 5114 280 5169 IV
312 5113 495 5186 Georg.
520 5119 784 5181 meminit,
805 5120 897 5174 ubi
932 5118 999 5176 de
1025 5121 1231 5191 duplici
1263 5122 1440 5177 mellis
1465 5121 1770 5176 vindemia:

215 5227 308 5301 Diis
335 5229 575 5301 gravidos
607 5243 794 5298 cogunt
828 5232 963 5300 fetus
987 5247 1006 5285 :
1046 5231 1150 5286 duo
1183 5242 1417 5301 tempora
1448 5233 1668 5286 messis:

219 5298 442 5366 Taygete
470 5299 628 5351 simul
656 5318 710 5353 os
745 5298 898 5354 terris
930 5301 1156 5355 ostendit
1187 5298 1462 5355 honestum

219 5367 418 5440 Pleias,
442 5377 500 5440 _et
540 5368 734 5440 Oceani
757 5381 956 5437 spretos
985 5371 1110 5440 pede
1140 5372 1363 5438 reppulit
1395 5387 1594 5425 amnes.

220 5439 321 5510 Aut
352 5437 542 5510 eadem
565 5439 711 5492 sidus
739 5442 940 5510 [ugiens
972 5437 1060 5493 ubi
1093 5437 1264 5495 Piscis
1287 5443 1471 5510 aquosi

222 5506 444 5562 Tristior
469 5507 710 5563 hibernas
741 5506 868 5564 eailo
893 5511 1159 5564 descendit
1193 5513 1246 5564 in
1276 5506 1468 5565 undas.

285 5598 383 5655 llic
413 5599 522 5655 duo
553 5608 793 5670 tempora
827 5603 1003 5656 n'iellis
1041 5602 1277 5657 metendi
1313 5601 1611 5658 describit:
1643 5601 1778 5656 alte-

224 5704 334 5744 rum
370 5700 494 5762 post
519 5703 694 5746 ortum
727 5691 1023 5756 Pleiadum,
1046 5708 1214 5747 verno
1243 5702 1515 5762 tempore;
1545 5692 1774 5747 alterum

225 5790 497 5851 autunuto,
527 5791 647 5854 post
671 5797 924 5840 occasum
955 5784 1278 5840 matutinum
1305 5800 1319 5837 :
1351 5784 1403 5838 in
1429 5798 1538 5855 quo
1564 5783 1774 5839 Aristo-

1873 561 1997 616 cap.
2038 544 2179 599 XXII
2224 546 2328 600 mel
2371 553 2537 614 negat
2578 543 2694 598 ﬁeri
2731 554 2854 598 ante
2883 541 3245 613 Vergiliarum
3287 559 3446 598 exor-

1873 647 2010 694 tum.
2061 636 2167 690 Sed
2216 651 2316 691 cur
2359 635 2627 690 Pleiadem
2671 634 2967 689 occidendo
3011 634 3218 689 Piscem
3255 635 3330 688 ait
3362 635 3447 689 fu-

1870 725 2033 795 gere?
2077 724 2323 792 Servius,
2372 741 2436 779 ac
2474 726 2694 795 reliqui,
2738 740 2878 794 quos
2915 724 3048 787 vidi,
3093 726 3443 794 interpretes,

1871 818 2164 873 australem
2194 817 2405 873 Piscem
2438 818 2764 887 intelligunt,
2797 818 2954 886 cujus
2986 817 3040 870 in
3071 832 3132 871 os
3170 818 3446 886 Aquarius

1869 923 2065 977 aquam
2107 907 2374 973 infundit;
2410 908 2554 962 unde
2583 915 2633 963 et
2680 923 2918 977 aquosus
2951 907 3174 961 dicitur.
3208 906 3307 961 llic
3349 925 3446 962 an-

1871 1007 1981 1054 tem
2013 1015 2077 1053 eo
2109 1010 2351 1070 tempore
2377 1002 2572 1066 oritur,
2608 1015 2716 1070 quo
2749 999 2993 1054 Pleiades
3030 1000 3310 1054 occidunt.
3352 1002 3448 1053 At-

1875 1090 1974 1160 qui
2009 1089 2210 1145 falsum
2247 1091 2394 1145 istud
2437 1100 2540 1149 est.
2573 1091 2706 1144 Nam
2740 1107 2849 1160 quo
2877 1099 3152 1146 memento
3177 1091 3350 1147 Pleias
3389 1093 3446 1146 in

1866 1197 2069 1236 occasu
2096 1184 2362 1236 matutino
2395 1185 2496 1237 sita
2526 1191 2609 1237 est
2639 1184 2692 1237 in
2725 1184 3028 1236 clevatione
3056 1183 3188 1252 poli,
3214 1183 3316 1237 sub
3339 1199 3446 1252 qua

1867 1285 2023 1343 poeta
2074 1274 2330 1343 scripsit,
2378 1289 2440 1329 os
2489 1274 2663 1329 Piscis
2694 1274 2949 1329 australis
2992 1289 3182 1343 parum
3225 1275 3378 1328 abest
3413 1289 3445 1327 a

1865 1365 2164 1420 meridiano
2188 1365 2468 1428 inferiori;
2495 1382 2667 1436 eoque
2698 1369 2805 1421 situ
2831 1368 3076 1437 proxime
3101 1366 3442 1435 perfunctum
3487 1360 3494 1368 ’

1865 1465 1968 1518 est,
2023 1471 2182 1524 quem
2232 1454 2557 1509 Ptolemmus
2605 1457 2839 1524 appellat
2889 1455 3020 1524 ἑῷον
3064 1453 3444 1523 προμεσουρά-

1865 1562 2032 1615 νημα.
2066 1545 2256 1600 Cmteri
2291 1561 2508 1615 quoque
2546 1545 2723 1614 pisces
2767 1547 2894 1599 ante
2924 1544 3190 1613 Vergilias
3236 1551 3438 1602 ortum,

1865 1645 1919 1690 et
1942 1653 2197 1692 occasum
2229 1638 2456 1691 iaciunt.
2480 1637 2604 1692 Ideo
2635 1637 2984 1708 quaerendum
3008 1646 3110 1701 est,
3136 1649 3245 1704 quo
3272 1648 3438 1688 sensu

1864 1726 2044 1782 Pleias
2075 1728 2278 1798 piscem
2311 1729 2524 1798 fugiens
2554 1727 2806 1783 occidere
2849 1727 3063 1781 dicatur
3104 1741 3134 1778 a
3174 1724 3436 1794 Virgilio;

1867 1819 2013 1890 quod
2059 1820 2166 1874 nisi
2212 1819 2279 1874 de
2323 1820 2562 1874 instante
2612 1819 2791 1874 sidere
2833 1801 3015 1887 aliquo
3043 1817 3294 1886 usurpari
3331 1830 3441 1868 non

1868 1911 2026 1966 solet.
2066 1909 2156 1965 Sic
2191 1911 2334 1964 enim
2364 1920 2509 1965 recte
2539 1909 2772 1976 Quintus
2814 1909 3044 1963 Calaber
3081 1907 3177 1962 lib.
3221 1905 3260 1957 V
3298 1905 3440 1959 hanc

1867 2001 2112 2056 eamdem
2173 1999 2448 2057 Pleiadem
2516 1999 2771 2056 Orionem
2833 1999 3130 2071 fugientem
3185 1997 3438 2054 occidere

1869 2093 2058 2148 scribit
2096 2110 2108 2145 :

1871 2269 1888 2286 .
1915 2230 1970 2285 .’.
2001 2272 2014 2284 .
2038 2269 2055 2282 .
2083 2272 2095 2284 .
2127 2231 2160 2283 ὁ
2185 2228 2236 2282 δ’
2257 2228 2347 2296 ἄρ’
2381 2227 2475 2297 ἥτε
2506 2229 2756 2282 λαίλαπι
2787 2223 2920 2291 ἴσος

1868 2299 2207 2370 Σμξρδαλέῃ
2239 2295 2571 2370 στυγέρῇσιν
2596 2299 2894 2366 καταιτίσι
2919 2295 3232 2370 ,βεϐρτᾷυίῃ
3254 2312 3266 2324 ·

1871 2360 2004 2424 Ἧέὲ
2033 2360 2204 2438 saepe;
2227 2360 2495 2438 ναύτῃὶγῖ
2513 2368 2684 2435 τέρας
2715 2360 2998 2438 κρυεροῖο
3009 2360 3236 2438 essm;

1868 2433 2249 2507 Πληϊὲιςέὖτ’
2273 2433 2611 2507 ἀκάμαντος
2634 2438 2696 2502 ἐς
2736 2433 3026 2507 Ὠκεανοῖο
3050 2433 3268 2507 ῥέεθρα

1867 2505 2030 2564 Δύεθ’
2059 2505 2548 2564 ὑποπτώσσουσα
2576 2505 2936 2574 περικλυτὸν
2964 2505 3225 2573 Ὠρίωνα.

1938 2620 2070 2676 Nam
2102 2621 2350 2676 Pleiades
2383 2635 2582 2675 occasu
2621 2619 2889 2673 matutino
2919 2618 3174 2671 Orionem
3217 2625 3435 2670 antece-

1869 2694 2024 2768 dunt.
2055 2714 2123 2767 At
2172 2712 2238 2767 de
2284 2713 2550 2783 piscibus,
2601 2711 2901 2781 praesertim
2947 2709 3016 2763 de
3059 2707 3308 2773 australi,
3342 2709 3438 2778 qui

1867 2806 2083 2861 dicatur
2113 2803 2366 2875 equidem
2395 2817 2505 2857 non
2537 2801 2715 2856 video.

1937 2897 2294 2967 Vergiliarum
2318 2901 2498 2947 ortum
2530 2890 2726 2956 Varro,
2743 2889 3064 2954 Columella,
3087 2886 3295 2942 Plinius
3321 2885 3440 2941 alii-

1868 2999 1977 3064 que
1999 2990 2273 3054 scribunt,
2303 2995 2429 3058 post
2457 2986 2575 3040 dies
2606 2971 2752 3047 xtiv',
2794 2983 2880 3037 vel
2909 2993 3076 3035 XLVIII
3102 2979 3170 3033 ab
3196 2978 3438 3047 aequino-

1868 3085 1980 3139 clio
2001 3095 2167 3137 verno
2195 3080 2529 3149 contingere.
2563 3074 2734 3130 Varro
2763 3074 2899 3130 libro
2929 3073 2969 3138 I.,
3002 3073 3176 3148 capite
3196 3069 3434 3131 XXVIII.

1868 3173 1986 3230 dies
2012 3179 2133 3227 n’av
2164 3169 2434 3242 praeﬂuit;
2464 3168 2642 3223 caeteri
2677 3176 2798 3220 octo
2829 3173 2882 3218 et
2910 3163 3305 3235 quadraginta;
3333 3160 3442 3215 Co-

1872 3266 2090 3321 lumella
2121 3263 2262 3318 libro
2291 3259 2383 3324 IX,
2428 3259 2603 3329 capite
2641 3255 2762 3310 XIV
2809 3255 2919 3325 (qui
2968 3263 3148 3309 tamen
3177 3253 3314 3307 libro
3343 3251 3435 3315 XI,

1869 3355 2044 3425 Capite
2068 3351 2131 3419 II,
2166 3351 2336 3406 Nonis
2360 3349 2507 3411 Maii,
2541 3348 2595 3402 id
2627 3354 2712 3401 est
2740 3361 2864 3400 κων
2893 3346 2981 3400 die
3024 3346 3092 3399 ab
3114 3344 3437 3413 aequinoctio

1869 3446 2083 3503 easdem
2141 3444 2272 3498 oriri
2327 3439 2599 3510 scripsit);
2649 3437 2858 3492 Plinius
2906 3438 2999 3491 lib.
3055 3433 3256 3499 XVIII,
3313 3448 3434 3504 cap.

1869 3529 2037 3586 XXV.
2072 3529 2185 3584 Hoc
2221 3530 2338 3585 sive
2381 3529 2450 3585 de
2477 3531 2606 3596 _sola
2647 3527 2929 3583 Pleiadum
2972 3524 3434 3596 splendidissima,

1869 3620 2223 3689 maximaque:
2245 3619 2494 3688 capiatur
2521 3659 2536 3684 ,
2582 3618 2697 3672 sive
2734 3617 2802 3671 de
2844 3623 2958 3670 toto
3002 3615 3320 3681 asterismo;
3346 3628 3440 3669 ve-

1869 3726 1991 3765 rum
2017 3725 2126 3764 non
2155 3716 2258 3764 est.
2293 3708 2424 3763 Nam
2449 3709 2594 3782 illius
2624 3716 2780 3763 ortus
2806 3707 3050 3761 heliacus
3078 3704 3262 3759 Romae
3293 3705 3439 3759 acci-

1873 3801 2034 3855 debat
2064 3799 2120 3852 in
2151 3799 2340 3852 ultima
2369 3801 2521 3867 parte
2547 3797 2733 3861 Tauri,
2765 3797 3124 3866 sexagesimo,
3153 3802 3206 3849 et
3233 3809 3299 3850 eo
3329 3809 3440 3849 am-

1872 3893 2015 3962 plius
2044 3891 2128 3945 die
2169 3891 2236 3945 ab
2261 3890 2507 3959 ingressu
2541 3890 2595 3943 in
2625 3890 2898 3944 Arietem:
2931 3889 3033 3942 hoc
3077 3895 3162 3942 est
3190 3886 3278 3941 die
3310 3884 3438 3941 Maii

1874 3998 1979 4036 ιχ..
1998 3980 2094 4035 Sin
2117 3980 2184 4036 de
2207 3988 2322 4035 toto
2357 3981 2645 4036 asterismo
2671 3979 2725 4034 id
2751 3979 3157 4049 intelligendum
3186 3985 3291 4042 est,
3313 3975 3440 4031 Ven-

1874 4073 2123 4143 giliarum
2177 4070 2268 4124 illa
2324 4071 2500 4134 stella,
2548 4086 2672 4140 qua:
2718 4085 2785 4123 ex
2844 4068 3205 4123 lucidioribus
3263 4067 3438 4121 tribus

1875 4165 2108 4217 maxime
2139 4161 2207 4215 ad
2241 4162 2506 4217 orientem
2541 4163 2794 4232 pertinet,
2830 4175 2972 4213 anno
3015 4160 3192 4229 primo
3223 4156 3438 4212 Juliano

1875 4255 2150 4309 oriebatur
2178 4254 2383 4308 heliace
2412 4254 2469 4307 in
2516 4253 2684 4323 gradu
2733 4251 3082 4306 Geminorum
3114 4251 3167 4312 5,
3215 4250 3316 4304 hoc
3353 4255 3441 4305 est

1875 4346 2067 4401 diebus
2100 4345 2170 4399 ab
2203 4344 2531 4414 aequinoctio
2575 4344 2808 4413 amplius
2856 4342 3135 4412 sexaginta
3173 4341 3434 4410 quinque.

1878 4433 1992 4489 Hoc
2017 4450 2146 4489 vero
2172 4433 2396 4488 Metonis
2433 4435 2631 4488 saeculo
2657 4434 2713 4487 in
2745 4448 2808 4487 ea
2842 4433 3110 4502 positione
3138 4432 3284 4494 caeli,
3317 4445 3438 4500 quae

1873 4534 1960 4580 est
1985 4524 2232 4585 Athenis.
2286 4523 2532 4593 contigit.
2582 4522 2718 4578 Nam
2770 4523 2977 4593 periodi
3019 4521 3245 4576 Iuliana:
3294 4536 3438 4576 anno

1874 4615 2032 4678 4283,
2058 4615 2148 4684 qui
2176 4617 2454 4684 proximus
2476 4625 2558 4670 est
2580 4615 2648 4669 ab
2675 4630 2741 4670 eo
2795 4631 2904 4685 quo
2931 4614 3108 4669 Meton
3144 4615 3436 4668 solstitium

1873 4707 2218 4769 observabat,
2243 4713 2395 4761 ortus
2418 4707 2660 4762 heliacus
2703 4707 2895 4760 lucida:
2922 4705 3202 4760 Pleiadum
3247 4705 3440 4760 incidit

1874 4798 1930 4852 in
1965 4796 2130 4852 Tauri
2157 4796 2380 4865 gradum
2410 4797 2498 4862 18,
2520 4797 2628 4861 ιδ’,
2660 4798 2753 4866 qui
2783 4797 2838 4851 in
2863 4797 2984 4850 Maii
3016 4813 3084 4851 xv
3110 4797 3251 4851 diem
3277 4794 3440 4849 circi-

1875 4895 1960 4942 ter
2006 4889 2206 4942 saecnlo
2249 4889 2342 4942 ilio
2393 4889 2743 4958 congruebat.
2777 4887 3183 4957 [Equinoctium
3211 4899 3439 4941 vernum

1874 4979 2224 5033 commissum
2264 4985 2348 5032 est
2376 4994 2520 5033 anno
2561 4994 2721 5048 quem
2763 4978 3024 5043 diximus,
3057 4976 3236 5030 Martii
3263 4991 3436 5039 xxvn,

1875 5065 2008 5120 hora
2049 5066 2104 5130 0,
2147 5067 2228 5120 28'
2275 5066 2520 5121 Athenis.
2572 5066 2852 5136 Ingressus
2893 5067 2948 5120 in
3000 5065 3244 5118 Taurum
3302 5078 3438 5118 vero

1875 5163 2026 5209 motu
2065 5157 2320 5210 convenit
2363 5156 2565 5225 Aprilis
2591 5172 2740 5220 xxrt,
2767 5157 2902 5210 hora
2935 5155 3022 5220 I8,
3048 5153 3152 5209 56'.
3201 5155 3276 5206 Ita
3315 5167 3438 5222 gra-

1876 5244 2004 5300 dum
2035 5245 2199 5300 Tauri
2233 5247 2318 5309 18,
2351 5247 2434 5301 48'
2468 5248 2643 5301 tenuit
2665 5248 2748 5301 sol
2771 5262 2833 5300 ea
2865 5253 3024 5300 nocte
3053 5246 3288 5328 circiter,
3318 5257 3439 5311 qua!

1877 5335 2021 5390 inter
2047 5353 2137 5391 xxv
2167 5344 2220 5390 et
2252 5354 2319 5391 xv
2350 5337 2472 5391 Maii
2516 5338 2845 5402 intercessit,
2890 5337 2993 5393 hoc
3021 5343 3107 5391 est
3153 5336 3241 5391 die
3269 5349 3434 5390 vain

1876 5437 1999 5496 post
2029 5428 2434 5496 aequinoctium.

1945 5514 2029 5568 Ad
2075 5516 2177 5569 hoc
2217 5525 2428 5587 tempus
2470 5517 2814 5573 intervallum
2857 5516 2963 5572 hoc
3010 5517 3219 5572 dierum
3269 5527 3436 5568 nvm

1877 5607 2262 5675 aequinoctium
2329 5609 2469 5668 inter
2517 5617 2573 5663 et
2609 5618 2787 5663 ortum
2831 5609 3158 5662 matutinum
3200 5605 3437 5660 Pleiadis

1877 5695 2068 5751 referri
2097 5696 2287 5751 debet:
2321 5715 2426 5753 non
2452 5698 2520 5752 ad
2552 5697 2826 5753 lulianum
2856 5701 3134 5763 saeculum,
3170 5712 3344 5768 neque
3370 5695 3435 5749 ad

1881 5785 2280 5860 situmﬁomac,
2309 5788 2401 5843 sed
2426 5785 2662 5843 Graeciae.
2691 5787 2825 5842 Cum
2849 5795 3025 5844 autem
3062 5783 3434 5846 celeberrima.
