4022 6398
574 370 714 427 15³19
1574 355 1664 408 AD
1702 349 1970 409 EUSEBII
2007 345 2399 405 CHRONICON
2441 341 2801 398 APPENDIX.
3722 329 3883 387 εδει)

573 501 627 547 et
655 488 854 556 ubique
876 491 1167 556 propagata
1194 479 1430 534 Metonis
1462 474 1940 532 enneadecaetcris
1967 479 2134 534 esset,
2167 472 2214 530 Α
2242 467 2409 522 Tauri
2455 473 2610 522 sexta
2648 473 2803 535 parte
2852 461 3106 517 oriuntur
3144 456 3407 513 Pleiades.
3439 472 3460 504 ι
3500 450 3659 522 (Etsi
3709 448 3881 501 aliud

576 596 641 637 ac
674 539 1021 651 parapegm'a,
1048 539 1134 628 "ex
1179 585 1354 641 eoque
1403 578 1708 638 temporum
1740 568 1883 621 ratio
1921 565 2149 619 ducere-
2250 567 2334 614 est
2375 558 2508 628 oriri
2540 556 2596 609 in
2620 561 2773 609 sexta
2802 559 2959 623 parte
2987 549 3179 613 Tauri,
3205 548 3352 601 aliud
3381 543 3650 599 Taurum
3683 539 3884 594 Pleia-

570 635 692 735 tur:
719 635 841 740 quae
871 635 938 722 ad
969 635 1399 735 navigationem,
1430 635 1851 731 agriculturam,
1899 664 1954 712 et
1982 655 2032 708 id
2064 668 2154 726 ge-
2249 648 2349 702 das
2389 655 2544 703 sexta
2585 651 2737 715 parte
2777 643 2861 697 sui
2907 641 3098 696 tollere
3129 659 3142 693 :
3177 638 3284 692 hoc
3313 635 3460 690 enim
3519 641 3642 694 est,
3702 639 3879 686 sexta

711 720 1204 832 ajli—a'gubernaiida
1240 720 1526 810 transferri
1565 753 1731 818 solet;
1767 749 1956 822 perdiu
1987 720 2152 803 exvil-
2250 747 2405 810 parte
2461 737 2624 807 signi,
2672 735 2768 806 qui
2825 740 2957 788 sunt
2992 729 3217 832 gradus
3274 743 3346 832 γᾷ
3384 723 3496 826 Sed
3557 720 3882 832 F‘irmicus

575 859 685 912 lius
725 812 1045 924 praescripto
1088 858 1306 905 ortuum
1346 855 1402 904 et
1437 858 1730 901 occasuum
1761 812 1817 896 in
1856 841 2052 901 stellis,
2087 854 2152 893 ac
2252 840 2467 886 sextum
2504 827 2734 899 gradum
2781 822 3078 894 concepit.)
3126 819 3238 875 Nec
3279 812 3881 924 aliter'inteiligep‘da

573 902 982 1016 tignipestatumr
997 943 1173 1013 spatia
1213 938 1446 995 dimensi
1471 944 1598 992 sunt
1634 951 1648 988 :
1691 933 1942 1004 quamvis
1985 946 2151 986 accu-
2253 930 2383 977 Sunt
2413 920 2648 976 obscura
2673 917 2837 972 Plinii
2864 915 3031 971 verba
3057 911 3238 974 Iib.|l,
3264 925 3385 980 cap.
3412 905 3616 962 XLVII
3647 924 3665 958 :
3707 923 3732 955 ε
3767 902 3882 955 Da-

573 1042 804 1094 ratiores
829 1035 1232 1107 insequentium
1255 1039 1695 1086 astronomorum
1723 1024 1919 1079 calculi
1965 1022 2154 1094 paula-
2251 1023 2342 1069 tus
2372 1023 2455 1069 est
2492 1020 2672 1067 autem
2712 1010 2843 1064 huic
2884 1004 3172 1078 (Favonio)
3201 1011 3422 1058 exortus
3461 997 3875 1068 Vergiliarum

2432 1103 2479 1107 __
2751 1101 2780 1107 _-
2901 1097 2943 1107 _
3050 1099 3061 1107 .
3573 1099 3628 1107 -,
3689 1087 3875 1107 ιμε--

573 1131 671 1184 tim
704 1129 818 1182 haec
845 1087 983 1182 esse1
992 1131 1200 1179 mutata
1225 1120 1645 1184 convincerent;
1685 1116 1778 1172 sed
1805 1115 1949 1186 quod
1967 1087 2153 1169 semel
2256 1107 2311 1160 in
2345 1103 2572 1159 totidem
2620 1101 2868 1172 partibus
2900 1097 3088 1161 Tauri,
3121 1112 3213 1151 sex
3257 1094 3449 1150 diebus
3493 1099 3640 1145 ante
3689 1087 3880 1143 Maias

575 1215 826 1288 pepulari
863 1231 989 1278 usu,
1025 1228 1088 1268 ac
1122 1212 1340 1283 publice
1381 1209 1675 1269 sancitum,
1723 1205 2067 1268 inveteravit,
2101 1203 2153 1258 id
2255 1199 2402 1256 Idus.
2463 1217 2481 1250 ι
2527 1194 2632 1250 Ubi
2678 1193 2900 1248 totidem
2948 1198 3136 1260 partes
3168 1203 3292 1244 esse
3335 1187 3502 1249 dicit,
3532 1192 3690 1254 quot
3743 1190 3876 1237 sunt

581 1277 959 1378 imperitorum
1008 1320 1074 1359 ac
1120 1277 1452 1358 rusticorum
1507 1298 1808 1369 prtesertim
1839 1313 1907 1353 ex
1957 1295 2154 1350 animis
2253 1291 2371 1347 dies
2403 1296 2527 1344 ante
2571 1286 2741 1342 Maias
2783 1285 2929 1340 ldus.
2973 1282 3046 1336 Ut
3083 1295 3272 1336 verum
3326 1287 3411 1335 est
3460 1277 3717 1332 Hesiodi
3769 1290 3873 1329 sa:-

576 1369 737 1454 evelli
759 1405 922 1468 atque
949 1394 1264 1465 extorqueri
1297 1391 1512 1447 dillicile
1539 1395 1742 1459 potest.
2255 1386 2379 1441 culo
2410 1386 2465 1438 in
2508 1382 2718 1437 Bmotia
2748 1377 2985 1433 lucidam
3016 1374 3294 1429 Pleiadum
3335 1370 3567 1425 circiter
3619 1383 3685 1421 vt
3741 1369 3872 1421 Idus

649 1489 724 1544 De
775 1459 880 1544 hoc
930 1459 1158 1542 Metonis
1195 1499 1360 1546 anno,
1415 1497 1479 1537 ac
1528 1486 1906 1553 parapegmate
1955 1477 2022 1531 ad
2077 1476 2153 1542 id,
2256 1476 2428 1531 Maias
2454 1481 2635 1528 ortum
2665 1469 2936 1526 heliacum
2969 1466 3187 1528 fecisse,
3225 1479 3330 1517 non
3362 1469 3556 1515 tamen
3607 1459 3676 1512 in
3712 1467 3875 1526 parte

578 1581 723 1653 quod
742 1581 1012 1646 diximus,
1053 1577 1299 1650 apposite
1338 1574 1536 1632 Festus
1575 1574 1818 1630 Avienus
1859 1572 1914 1628 in
1942 1573 2154 1626 Arateis

580 1676 654 1730 ita
685 1675 907 1748 scripsit
936 1690 951 1729 :

653 1810 808 1865 Illius
836 1805 905 1863 ad
934 1824 1177 1862 numeros
1209 1806 1420 1875 prolixa
1452 1803 1700 1858 decennia
1738 1817 1953 1856 rursum

654 1881 924 1950 Adjecisse
946 1877 1123 1933 Meton
1144 1876 1413 1950 iCecropea
1434 1875 1636 1950 dicitur
1665 1884 1778 1950 arte
1802 1889 1819 1926 :

655 1942 955 2019 Inseditque
985 1949 1201 2009 animis,
1229 1947 1391 2019 tenuit
1425 1961 1534 1998 rem
1567 1942 1772 2019 Gracia
1800 1942 1966 1994 solers

660 2014 934 2083 Protinus,
964 2031 1010 2073 et
1039 2020 1218 2088 longos
1243 2018 1506 2070 inventum
1534 2015 1675 2066 misit
1701 2014 1756 2066 in
1781 2029 1975 2068 annos.

656 2133 1018 2202 Quamobrem
1049 2129 1266 2185 tametsi
1300 2128 1371 2183 ab
1400 2127 1733 2198 Hipparcho,
1770 2136 1823 2180 et
1853 2126 1975 2179 aliis
2005 2123 2161 2180 dein-

511 2223 524 2238 ⁸
586 2244 717 2298 ceps
741 2243 923 2282 rerum
956 2224 1262 2279 cmlestium
1291 2221 1502 2291 peritis,
1538 2220 1709 2274 multa
1740 2218 1793 2273 in
1827 2217 2163 2274 astronomia

587 2335 652 2376 ac
689 2323 1074 2388 tempestatum
1124 2313 1511 2370 distributione
1563 2319 1899 2366 commutata
1940 2309 2167 2364 innova-

587 2420 753 2482 taque
775 2411 908 2474 sint,
937 2408 1096 2464 haesit
1129 2417 1309 2461 tamen
1338 2420 1504 2476 penes
1553 2405 1765 2476 vulgus,
1795 2412 1847 2457 et
1872 2403 1924 2456 in
1948 2402 2167 2457 rustica:

588 2503 670 2559 rei
707 2501 1008 2573 pmsertim
1047 2499 1538 2560 administratione,
1562 2505 1722 2551 vetus
1757 2496 1847 2549 illa
1887 2505 1942 2550 et
1998 2494 2166 2549 Melo-

591 2595 714 2648 nica
741 2595 916 2647 ratio:
946 2601 1003 2646 ut
1039 2591 1094 2646 in
1118 2591 1212 2645 lib.
1243 2587 1334 2652 IX,
1369 2604 1490 2658 cap.
1517 2586 1635 2641 XIV
1661 2586 1966 2641 Columella
2000 2593 2167 2640 testa-

591 2691 722 2738 tur.‘
752 2682 874 2750 Quo
916 2698 982 2737 ex
1027 2696 1225 2752 genere
1272 2677 1628 2748 Vergiliarum
1660 2679 1748 2732 ille
1787 2693 1908 2732 esse
1955 2677 2168 2730 videtur

587 2784 743 2834 ortus
765 2775 976 2830 dierum
1011 2781 1133 2841 post
1162 2773 1548 2841 aequinoctium
1582 2778 1707 2824 octo
1734 2777 1787 2823 et
1813 2768 2168 2840 quadraginta

589 2867 770 2938 spatio
821 2864 1100 2920 deﬁnitus.
1151 2861 1310 2928 Quod
1355 2877 1479 2915 cum
1535 2860 1602 2915 ad
1632 2859 1825 2913 Atticae
1870 2857 2059 2922 situm,
2089 2858 2168 2911 uti

588 2959 798 3012 dictum
850 2964 954 3017 est,
1004 2953 1235 3008 Metonis
1286 2959 1446 3007 aetate
1503 2950 1820 3022 pertineret,
1857 2960 2058 3004 temere
2102 2949 2169 3004 ad

2257 1575 2410 1622 sexta
2439 1564 2629 1628 Tauri,
2661 1563 2756 1618 sed
2799 1562 2854 1615 in
2885 1575 2960 1623 xi,
2995 1559 3079 1613 vel
3110 1574 3218 1622 xu;
3251 1557 3327 1610 ita
3365 1554 3572 1609 falsum
3617 1560 3718 1606 est
3769 1550 3871 1604 hoc

2256 1661 2417 1716 Plinii
2478 1659 2680 1715 saeculo
2733 1654 3034 1725 contigisse
3088 1652 3143 1706 in
3193 1649 3380 1710 Italia,
3438 1646 3716 1708 Graecia,
3787 1644 3870 1696 vel

2262 1753 2516 1826 Egypto.
2553 1751 2645 1806 Sic
2671 1749 2874 1821 passim
2907 1747 2976 1801 ab
3006 1744 3321 1800 auctoribus
3349 1737 3652 1794 incondite
3684 1737 3787 1790 his
3809 1736 3875 1788 de

2191 1814 2233 1868 Β
2264 1814 2426 1902 rebus
2458 1844 2626 1898 multa
2664 1814 2942 1902 dicuntur,
2976 1852 3095 1908 qua:
3124 1835 3189 1889 ad
3228 1832 3556 1888 methodum
3607 1840 3872 1883 nostram

2261 1936 2522 2008 exigenda
2559 1943 2707 1991 sunt.
2754 1932 2910 2003 Apud
2950 1930 3236 1985 Geminum
3284 1926 3462 1980 Pleias
3523 1923 3871 1978 Euctemoni

2263 2030 2441 2083 oritur
2476 2041 2576 2080 xm
2601 2027 2688 2080 die
2732 2023 3040 2086 Tauronos,
3073 2037 3104 2075 a
3135 2035 3244 2090 quo
3290 2028 3344 2073 et
3383 2015 3608 2071 aestatis
3640 2014 3874 2066 initium

2263 2120 2484 2190 petitur.
2511 2117 2580 2171 At
2601 2116 2826 2169 Eudoxo
2854 2114 3098 2170 Pleiades
3135 2120 3312 2164 ortum
3347 2107 3566 2160 faciunt
3594 2104 3698 2158 die
3731 2117 3872 2156 xm.

2263 2214 2374 2270 Nos
2405 2211 2632 2266 Athenis
2665 2208 2899 2262 Metonis
2944 2216 3189 2274 tempore
3227 2211 3408 2255 ortum
3450 2197 3759 2251 heliacum
3793 2194 3872 2246 lu-

2264 2306 2400 2368 cida:
2423 2303 2780 2374 Vergiliarum
2815 2297 3124 2353 invenimus
3152 2295 3204 2348 in
3230 2291 3402 2363 gradu
3431 2288 3616 2343 Tauri
3652 2287 3750 2350 19,
3787 2285 3872 2338 ul-

2266 2399 2412 2452 tima:
2438 2410 2566 2450 vero
2593 2392 2833 2448 Pleiadis
2862 2391 2916 2444 in
2941 2387 3114 2460 gradu
3142 2386 3234 2451 24,
3276 2384 3382 2439 55'.
3413 2383 3576 2436 Inter
3608 2381 3724 2434 has
3756 2395 3872 2432 am-

2266 2489 2364 2543 bas
2391 2487 2568 2541 media
2597 2493 2683 2540 est
2713 2483 2986 2555 posterior
3003 2477 3311 2534 observatio
3336 2475 3587 2531 Gemini.
3608 2472 3674 2527 In
3702 2473 3868 2532 libro,

2267 2583 2359 2652 qui
2404 2580 2697 2634 Ptolema‘o
2727 2576 3028 2646 inscriptus
3053 2583 3159 2634 est,
3181 2572 3260 2626 de
3289 2569 3685 2624 inerrantibus
3735 2567 3869 2622 διει-

2267 2674 2358 2740 lis,
2394 2671 2758 2743 Vergiliarum
2792 2675 3015 2723 exortus
3048 2664 3268 2734 ponitur
3312 2660 3526 2731 Aprilis
3580 2676 3624 2721 ι,
3681 2668 3807 2711 tum
3842 2673 3869 2707 x

2270 2765 2545 2822 Kalendas
2602 2763 2792 2823 Maias,
2845 2760 2949 2813 hoc
3016 2765 3099 2812 cst
3149 2772 3263 2810 χχιι
3326 2752 3535 2824 April.,
3581 2763 3704 2805 tum
3765 2749 3868 2804 No-

2269 2861 2357 2917 nis
2389 2858 2557 2929 ’_Maii,
2602 2863 2657 2911 ct
2704 2871 2756 2907 tv
2809 2853 2933 2908 ldus
2995 2860 3049 2906 et
3095 2865 3155 2903 ιιι
3217 2844 3492 2900 Kalendas
3556 2841 3739 2897 Junii.
3798 2842 3869 2895 Ita

2275 2968 2427 3007 more
2461 2965 2561 3006 suo
2593 2948 2834 3017 scriptor
2868 2945 2957 2999 ille
2995 2942 3194 3013 partim
3224 2939 3383 3001 falsa,
3418 2937 3622 3008 partim
3661 2936 3868 2990 alienis

589 3048 755 3102 Italiae
799 3046 1063 3116 positum,
1109 3051 1434 3112 aetatemque
1480 3056 1638 3096 suam
1678 3038 1912 3094 Romani
1955 3046 2173 3096 traxere
2271 3046 2413 3100 facta
2464 3041 2802 3113 temporibus
2860 3038 2916 3092 in
2953 3035 3198 3090 eamdem
3243 3032 3537 3104 Myconum
3586 3029 3864 3083 infcrciit.

593 3140 910 3210 scriptorcs.
951 3136 1097 3191 Pcne
1145 3134 1398 3190 Ovidium
1443 3133 1925 3206 przetermiseram,
1971 3133 2065 3203 qui
2113 3133 2168 3187 iu
2197 3161 2239 3218 ε
2276 3137 2431 3206 (Nam
2471 3135 2528 3190 in
2573 3132 2761 3188 Graeco
2807 3131 2979 3194 nulla,
3037 3136 3095 3182 ut
3157 3127 3211 3181 in
3263 3124 3413 3179 Notis
3465 3123 3863 3180 observamus.

591 3227 774 3286 Fastis
819 3228 1099 3284 Pleiadum
1137 3238 1318 3282 ortum
1347 3225 1404 3280 in
1445 3241 1502 3280 ιιι
1550 3223 1678 3279 Idus
1717 3222 1886 3279 Maias
1917 3225 2162 3295 conjicit,

591 3323 687 3393 qui
719 3329 805 3378 est
829 3338 926 3376 xm
956 3321 1095 3386 dies,
1119 3328 1172 3376 et
1198 3320 1266 3374 ab
1298 3319 1626 3389 aequinoctio
1655 3318 2162 3391 quinquagesimus,

593 3415 663 3469 ab
698 3415 946 3484 ingressu
976 3427 1140 3484 porro
1168 3413 1224 3465 in
1256 3410 1524 3472 Arietem,
1556 3423 1720 3479 quem
1750 3410 1840 3464 ille
1868 3425 1937 3466 xv
1968 3407 2166 3463 Kalen-

593 3507 696 3562 das
726 3506 937 3576 Apriles
961 3503 1171 3570 statuit,
1197 3503 1682 3574 quinquagesimus
1703 3501 1989 3571 septimus.
2017 3501 2167 3556 Theo

595 3599 654 3654 in
680 3598 896 3652 Arateis
923 3597 1343 3653 Commentariis
1375 3593 1626 3650 Pleiadas
1667 3595 1802 3648 oriri
1834 3593 2035 3650 asserit
2061 3609 2166 3648 xxv

595 3690 803 3746 mensis
828 3687 1148 3743 Pharmuthi
1169 3707 1182 3742 :
1206 3688 1296 3758 qui
1322 3687 1378 3742 in
1405 3703 1475 3746 xx
1500 3685 1642 3741 diem
1666 3685 1869 3756 Aprilis
1889 3686 2056 3750 cadit,
2077 3688 2167 3741 ὅτε

596 3783 691 3835 καὶ
725 3780 820 3834 τοῦ
865 3779 1096 3852 θερίζειν
1134 3779 1326 3850 καιρὸς
1364 3780 1422 3832 ὲν
1461 3777 1738 3846 Αἰγύπτιε).
1776 3775 1939 3831 Addit
1976 3778 2168 3835 diebus

597 3881 720 3946 post
750 3872 1134 3942 aequinoctium
1167 3871 1560 3941 quinquaginta
1586 3869 1802 3924 duobus
1841 3869 1892 3923 id
1926 3868 2039 3924 fieri
2065 3907 2080 3934 ,
2103 3883 2168 3924 ac

595 3977 714 4025 tum
733 3969 903 4024 solem
927 3968 983 4022 in
1013 3965 1180 4021 Tauri
1207 3975 1360 4038 parte
1383 3981 1504 4022 esse
1529 3981 1666 4021 xvu.
1715 3960 1824 4021 Nos
1853 3965 1921 4020 ad
1943 3965 2170 4020 Alexan-

597 4061 730 4118 driae
779 4063 943 4117 situm
998 4059 1239 4115 Theonis
1289 4074 1427 4123 avo,
1486 4059 1593 4114 hoc
1639 4067 1722 4114 est
1773 4073 1918 4113 anno
1964 4058 2169 4115 Christi

597 4169 786 4218 παις,
823 4160 1005 4209 ortum
1053 4153 1322 4208 heliacum
1370 4151 1566 4206 lucida:
1600 4149 1880 4205 Pleiadum
1923 4151 2170 4206 animadv

599 4248 863 4302 vertimus
898 4247 953 4307 in
988 4244 1159 4315 gradu
1192 4243 1356 4298 Tauri
1405 4259 1530 4303 xxv.
1577 4241 1988 4312 Equinoctium
2038 4250 2169 4298 tunc

599 4349 718 4396 erat
753 4339 809 4395 in
850 4338 1028 4393 Martii
1069 4353 1197 4392 xxi:
1232 4353 1263 4392 a
1291 4353 1400 4408 quo
1433 4336 1609 4406 putati
1638 4336 1757 4391 dies
1799 4351 1871 4390 LII
1915 4334 2170 4391 desinunt

603 4430 657 4486 in
695 4450 726 4487 ν
772 4430 897 4486 Idus
946 4430 1134 4493 Maias,
1163 4430 1215 4484 id
1262 4438 1345 4486 est
1379 4430 1431 4484 in
1463 4445 1516 4483 xl
1550 4427 1698 4493 Maii,
1738 4427 1930 4499 Epiphi
1954 4442 2066 4482 xvt.
2099 4429 2172 4482 At

601 4539 722 4596 quae
755 4524 809 4579 in
840 4531 1080 4578 extrema
1102 4522 1326 4591 cuspide
1363 4532 1446 4576 est
1475 4521 1542 4575 ad
1578 4522 1866 4586 orientem,
1895 4519 2166 4574 heliacum

601 4625 782 4672 ortum
808 4617 996 4672 habuit
1028 4616 1083 4670 in
1113 4615 1283 4687 gradu
1330 4613 1499 4669 Tauri
1530 4615 1621 4680 29,
1650 4615 1752 4682 55',
1796 4612 1923 4668 Maii
1948 4613 2169 4668 circiter

601 4725 734 4762 xvu.
765 4706 950 4777 Itaque
983 4722 1094 4762 non
1133 4705 1201 4760 de
1231 4707 1460 4769 heliaco,
1495 4706 1591 4762 sed
1629 4706 1697 4761 de
1727 4705 1967 4761 cosmico
1993 4703 2171 4774 loqui-

603 4811 713 4855 tur.
755 4798 966 4855 Rursus
1000 4798 1222 4854 Hesiodi
1265 4800 1465 4853 sarculo
1509 4797 1565 4852 in
1596 4797 1803 4852 Bmotia
1832 4798 2022 4853 eadem
2054 4793 2182 4852 haec

605 4892 674 4946 ad
723 4892 988 4946 orientem
1031 4899 1305 4961 postrema
1352 4888 1632 4945 Pleiadum
1679 4898 1857 4946 ortum
1902 4890 2170 4946 heliacum

605 4983 837 5038 faciebat
869 4985 921 5038 in
945 4983 1114 5055 gradu
1138 4981 1305 5037 Tauri
1331 4983 1418 5047 I7,
1441 4982 1546 5036 hoc
1571 4990 1654 5037 est
1686 4984 1741 5036 in
1768 4981 1854 5046 16,
1885 4982 1928 5034 7'
1956 4996 1970 5033 :
2008 4989 2172 5052 atque

604 5080 678 5135 ita
708 5076 946 5133 Theonis
975 5078 1140 5133 verba
1172 5077 1433 5147 capienda
1464 5085 1593 5132 sunt
1623 5077 1678 5131 in
1720 5077 1810 5130 illa
1837 5077 2170 5132 scholiorum

605 5171 874 5234 miscella,
911 5185 1032 5240 qua:
1064 5185 1241 5240 neque
1281 5178 1547 5240 tempora,
1578 5183 1757 5239 neque
1793 5170 1958 5224 situm
1993 5169 2174 5240 regio-

605 5278 734 5316 num
766 5261 1073 5330 distinguit,
1101 5261 1383 5330 isiquidcm
1428 5261 1494 5314 ad
1545 5261 1811 5315 heliacum
1841 5261 2168 5330 pertineant.

675 5354 928 5410 Manilius
976 5353 1070 5408 lib.
1109 5351 1176 5419 V,
1207 5353 1470 5425 Vergilias
1495 5355 1629 5408 oriri
1679 5356 1869 5413 scribit
1918 5356 1973 5408 in
2022 5365 2173 5409 sexta

606 5455 761 5519 parte
772 5446 957 5513 Tauri;
977 5447 1055 5513 sic
1071 5447 1216 5502 enim
1235 5448 1378 5504 illius
1395 5448 1560 5503 verba
1578 5447 1978 5519 interpretanda
2002 5455 2132 5502 sunt
2155 5463 2172 5501 :

677 5571 883 5641 Taurus
915 5573 968 5626 in
1002 5571 1246 5626 adversos
1267 5587 1492 5641 prtcceps
1516 5581 1573 5626 at
1605 5572 1814 5626 tollitur
1842 5582 1988 5626 ortus

678 5640 840 5696 Sexta
861 5653 1008 5710 parte
1037 5644 1120 5695 sui
1143 5653 1395 5698 certantes
1425 5640 1554 5697 lucis
1585 5643 1650 5695 ad
1687 5660 1850 5696 auras

681 5713 920 5765 Pleiades
951 5714 1116 5786 ducit.

607 5801 708 5860 Cui
737 5803 1032 5894 assentitur
1057 5801 1342 5894 AFirmicus
1373 5803 1488 5880 “lib.
1532 5802 1666 5871 VIII,
1699 5820 1818 5877 cap.
1851 5803 1938 5858 VII
1969 5822 1980 5859 :
2041 5824 2058 5857 ι
2109 5805 2167 5861 In

2270 3231 2550 3287 Pleiadum
2610 3225 2871 3297 mentio.)
2906 3223 3086 3291 ,Quod
3155 3229 3332 3275 autem
3396 3219 3540 3273 oriri
3601 3216 3866 3272 Kalendis

2266 3326 2544 3396 Aprilibus
2568 3324 2662 3386 ait,
2695 3319 3179 3376 hallucinationem
3212 3331 3331 3370 esse
3354 3313 3437 3368 vel
3470 3312 3755 3374 auctoris,
3786 3313 3866 3362 vel

2269 3415 2590 3487 interpretis"
2622 3421 2877 3485 apparet;
2926 3426 3051 3466 nam
3097 3408 3259 3463 tertio
3288 3404 3557 3477 postdie
3603 3419 3866 3460 occasum

2266 3509 2386 3580 ejus
2421 3509 2603 3580 posuit
2633 3526 2646 3561 :
2679 3506 2772 3576 qui
2807 3505 2995 3574 utique
3019 3511 3199 3558 ortum
3231 3497 3533 3554 antecedit.

2336 3601 2413 3656 De
2457 3615 2657 3656 occasu
2710 3595 2992 3653 Pleiadum
3028 3610 3136 3650 non
3171 3593 3347 3647 minor
3392 3599 3481 3645 est
3519 3593 3862 3659 scriptorum

2267 3689 2911 3758 varietas;'matutinum
2955 3688 3099 3742 enim
3145 3684 3238 3738 alii
3281 3681 3476 3736 diebus
3521 3697 3702 3736 vam
3747 3687 3866 3750 post

2271 3783 2656 3856 mquinoctium
2706 3778 3017 3834 autumnale
3065 3774 3347 3830 deﬁniunt.
3388 3772 3469 3826 lla
3505 3771 3665 3826 Plin.
3705 3773 3742 3825 l.
3777 3769 3864 3836 ΣΙ,

2268 3895 2317 3934 c.
2359 3875 2500 3942 XVI,
2534 3875 2626 3930 ubi
2673 3881 2728 3929 et
2773 3872 2917 3927 diem
2979 3868 3213 3940 praelinit
3258 3866 3383 3921 Idus
3431 3863 3788 3920 Novembris
3839 3878 3868 3915 a

2274 3983 2384 4039 quo
2413 3974 2559 4022 retro
2586 3963 2759 4035 putati
2791 3963 2909 4018 dies
2947 3975 3114 4014 XLVIII
3153 3958 3410 4014 desinunt
3437 3958 3498 4011 in
3551 3973 3719 4010 xxvn
3775 3954 3865 4008 Se-

2269 4059 2552 4132 ptembris.
2585 4056 2765 4122 Quare
2793 4060 2918 4124 post
2939 4051 3326 4122 aequinoctium
3362 4047 3692 4117 Sosigenis,
3729 4047 3867 4118 quod

2269 4153 2324 4208 in
2365 4165 2494 4206 xxv1
2530 4147 2865 4236 Septembris
2906 4143 3116 4198 Plinius
3157 4140 3412 4203 contulit,
3459 4140 3593 4194 dies
3646 4141 3734 4193 illi
3776 4156 3868 4210 pu-

2271 4242 2424 4297 tandi
2454 4230 2602 4296 sunt.
2629 4241 2696 4294 At
2719 4238 2860 4292 idem
2884 4235 3095 4290 Plinius
3124 4234 3218 4290 lib.
3251 4231 3315 4298 II,
3344 4247 3468 4301 cap.
3497 4230 3734 4293 XLVII,
3758 4241 3870 4302 post

2269 4333 2652 4405 aaquinoctium
2679 4328 3008 4385 autummale
3033 4327 3226 4388 diebus
3249 4335 3372 4378 xttv
3400 4323 3681 4380 occidere
3709 4324 3873 4379 Pleia-

2270 4427 2369 4482 das
2397 4426 2508 4491 ait,
2540 4425 2704 4494 idquc
2753 4437 2815 4477 ιιι
2856 4421 2981 4476 ldus
3013 4418 3333 4474 Novembris
3370 4416 3510 4470 ﬁeri.
3550 4415 3683 4473 Iloc
3719 4415 3875 4471 modo

2270 4517 2660 4590 aequinoctium
2693 4523 2957 4585 congruet
2987 4509 3322 4581 Septembris
3356 4523 3564 4570 xxvm,
3589 4510 3696 4563 vel
3729 4525 3872 4563 xxix.

2268 4612 2431 4681 Atqui
2463 4609 2605 4665 idem
2643 4610 2808 4664 etiam
2842 4604 3042 4676 repetit
3067 4619 3189 4672 cap.
3226 4599 3368 4655 XXV
3411 4600 3546 4654 libri
3575 4601 3791 4664 XVIII,
3819 4616 3874 4655 ex

2269 4704 2498 4760 Casaris
2524 4699 2863 4773 praescripto.
2889 4696 3189 4753 Columella
3215 4694 3310 4749 lib.
3332 4691 3422 4754 IX,
3453 4708 3590 4763 cap.
3635 4693 3798 4757 XIV,
3819 4694 3877 4747 ab

2269 4795 2598 4867 a3quinoctio
2660 4792 2859 4847 diebus
2923 4805 2991 4844 xi.
3044 4787 3295 4843 occidere
3346 4783 3620 4841 Pleiadas
3690 4787 3876 4842 refert.

2270 4884 2443 4941 Varro
2477 4885 2573 4940 lib.
2623 4882 2664 4942 I.
2712 4898 2834 4952 cap.
2875 4877 3118 4945 XXVIII,
3155 4877 3350 4933 diebus
3394 4892 3580 4930 xxxii.
3621 4877 3722 4933 Ad
3775 4879 3880 4931 hac

2269 4978 2480 5034 Plinius
2513 4978 2608 5032 lib.
2643 4975 2832 5039 XVIII,
2865 4990 2987 5045 cap.
3021 4971 3191 5037 XXV,
3223 4986 3485 5026 occasum
3526 4974 3880 5026 matutinum

2269 5071 2553 5132 PIeiddum
2603 5085 2671 5124 ex
2722 5067 2961 5125 Hesiodo
3013 5064 3240 5119 tradidit
3287 5063 3401 5116 ﬁeri
3438 5076 3580 5115 cum
3616 5065 3880 5134 :equinn-

2272 5166 2439 5220 ctium
2485 5163 2733 5218 autumni
2782 5160 3184 5216 conficeretur:
3227 5172 3292 5211 ex
3326 5153 3567 5209 Thalete
3602 5172 3760 5212 vero
3804 5156 3883 5209 die

2276 5274 2401 5322 xxv,
2435 5253 2841 5310 Anaximandro
2876 5269 3021 5314 xxix,
3054 5250 3385 5304 Euctemone
3412 5261 3620 5301 XLvnt.

2345 5348 2420 5409 Ex
2450 5347 2538 5403 his
2567 5347 2823 5401 omnibus
2863 5343 3006 5399 .lulio
3049 5341 3250 5396 Caesari
3300 5338 3549 5392 maxime
3600 5336 3885 5394 Varronis

2276 5439 2366 5493 illa
2405 5438 2671 5495 sententia
2702 5435 2973 5506 congruit,
3004 5433 3140 5489 side
3170 5446 3367 5486 occasu
3394 5431 3702 5486 matutino
3739 5447 3886 5489 vero,

2275 5542 2383 5582 non
2416 5535 2710 5596 apparente
2743 5539 2926 5581 sermo
2959 5525 3053 5581 sit.
3101 5521 3259 5575 Ilunc
3293 5521 3439 5573 enim
3491 5519 3890 5590 deprehendi-

2276 5635 2400 5676 mus
2435 5621 2486 5675 in
2524 5619 2694 5691 gradu
2731 5617 2940 5688 S,corpii
2983 5618 3041 5677 5.
3099 5615 3199 5670 17'.
3253 5612 3344 5666 Sic
3390 5612 3565 5665 etiam
3623 5612 3889 5666 Thaletis

2276 5717 2544 5778 tempore,
2584 5709 2686 5762 hoc
2717 5715 2798 5763 est
2826 5723 2972 5761 anno
3003 5703 3467 5776 periodNuIiana:
3493 5701 3678 5766 M13,
3717 5713 3888 5756 oeca-

2279 5820 2372 5860 sus
2408 5803 2550 5859 idem
2596 5800 2898 5856 matutinus
2923 5813 3086 5854 verus
3118 5798 3171 5851 in
3205 5793 3434 5867 gradum
3472 5790 3675 5848 Librae
3712 5786 3886 5846 XXIV
