4022 6398
227 377 365 431 1581

1046 369 1502 427 ΒΙΞΞΕΙΠΛἸΊΟ
1542 369 1630 424 DE
1667 368 1855 425 ORTU
1895 367 1981 423 ET
2021 367 2290 425 OCCASU
2329 368 2678 438 SIDERUM._

3340 377 3479 436 1382

225 494 532 566 competit:
576 493 721 564 quod
761 501 844 548 est
891 495 1172 548 eximium.
1224 492 1450 554 Verum,
1491 501 1553 545 ut
1597 507 1661 546 ex
1703 490 1810 546 Ge-
1837 499 1878 552 Α
1908 490 2028 553 σίας
2078 489 2282 559 potius,
2333 503 2500 559 quam
2555 489 2624 544 ad
2665 495 2891 550 exactos
2934 499 3092 547 ortus
3139 507 3477 565 occasusque

225 590 385 642 mino
415 595 468 642 et
503 585 792 640 Ptolemaeo
842 601 1006 655 supra
1037 585 1464 640 demonstratum
1503 591 1606 647 est,
1638 590 1792 638 ortus

228 680 684 754 acronychus,.et
720 693 950 734 occasus
992 677 1290 731 matutinus
1326 691 1483 730 verus
1511 675 1590 738 ab
1630 689 1797 745 appa-

227 773 478 826 rentibus
509 771 842 840 discrepant.
886 770 1163 836 Quantum
1201 784 1330 823 vero
1362 768 1503 821 inter
1535 775 1797 836 utrosque

227 864 446 918 dierum
501 863 847 931 interiectum
905 862 995 925 sit,
1046 875 1076 914 a
1128 859 1366 921 nemine,
1400 859 1544 928 quod
1603 857 1794 920 sciam,

227 956 565 1026 explicatum
597 962 680 1009 est
710 973 723 1011 :
759 955 1021 1009 interesse
1056 960 1233 1032 autem
1265 951 1489 1020 aliquot,
1519 957 1628 1002 tam
1661 948 1799 1001 ratio

229 1049 376 1118 ipsa,
412 1062 573 1119 quam
598 1047 932 1117 experientia
967 1045 1263 1100 convincit.
1295 1042 1563 1109 Quocirca
1601 1041 1802 1094 Anaxi-

224 1140 463 1194 mander
491 1139 557 1192 de
588 1146 880 1207 apparente
903 1124 1189 1190 Pleiadum
1221 1149 1419 1189 occasu
1440 1175 1454 1198 ,
1500 1132 1698 1188 Thales
1735 1131 1802 1186 de

227 1246 366 1284 vero
394 1231 686 1299 capiendus
719 1238 821 1284 est.
872 1229 929 1282 In
962 1227 1199 1283 Hesiodo
1230 1227 1369 1281 ratio
1413 1241 1524 1281 non
1564 1231 1798 1281 constat.

225 1318 370 1374 Nam
399 1321 577 1374 lucida
608 1320 886 1374 Pleiadum
917 1319 1037 1389 ejus
1061 1318 1260 1373 saeculo
1285 1330 1545 1372 occasum
1582 1316 1804 1369 matuti-

227 1431 367 1470 num
410 1417 601 1470 habuit
635 1417 688 1469 in
715 1415 884 1485 gradu
923 1413 1098 1468 Librae
1122 1412 1211 1477 18,
1238 1412 1340 1466 47'.
1389 1410 1509 1464 Non
1537 1410 1672 1466 levis
1693 1409 1806 1464 for-

227 1515 383 1562 tasse
413 1508 650 1576 suspicio
693 1517 797 1569 est,
832 1505 1068 1560 Plinium
1108 1520 1205 1574 per
1248 1503 1669 1573 imprudentiam
1713 1518 1808 1557 oc-

228 1614 421 1652 casum
453 1598 775 1651 matutinum
801 1611 898 1664 pro
927 1595 1139 1650 heliaco
1171 1593 1492 1663 sumpsisse.
1530 1591 1630 1647 Hic
1661 1594 1808 1647 enim

229 1687 459 1744 Hesiodi
485 1688 683 1743 saeculo
707 1686 1098 1759 propemodum
1122 1686 1179 1739 in
1207 1685 1593 1755 aequinoctium
1619 1685 1808 1738 incur-

229 1779 329 1832 rit.
369 1777 649 1848 Siquidem
693 1793 724 1833 e
767 1777 1130 1832 lucidioribus
1166 1776 1365 1839 tribus,
1393 1790 1516 1844 quae
1556 1776 1624 1830 ad
1672 1775 1810 1830 occi-

231 1871 455 1926 dentem
486 1872 680 1943 vergit,
716 1885 974 1926 occasum
1007 1870 1276 1925 heliacum
1299 1867 1530 1923 faciebat
1558 1869 1614 1923 in
1637 1867 1808 1938 gradu

230 1962 439 2016 Arietis
485 1960 684 2031 primo,
722 1960 778 2014 id
807 1967 893 2014 est
916 1961 972 2023 0,
1018 1959 1135 2024 51';
1173 1959 1454 2016 orientalis
1483 1960 1540 2014 in
1583 1961 1807 2030 cuspide

231 2057 343 2110 sita
372 2055 425 2108 in
454 2053 623 2126 gradu
649 2054 706 2118 2,
743 2047 845 2118 15',
892 2052 1337 2123 splendidissima
1381 2054 1624 2106 omnium
1661 2055 1716 2106 in
1747 2053 1803 2119 4,

229 2147 304 2201 8'.
348 2145 482 2200 Vide
531 2161 694 2216 quam
745 2146 885 2200 belle
939 2146 1005 2199 ad
1059 2145 1204 2198 hunc
1251 2143 1471 2199 modum
1522 2145 1808 2200 ratiocinia

229 2223 556 2309 congruant.
586 2237 719 2291 Nam
751 2238 818 2292 de
843 2253 1041 2293 occasu
1083 2237 1352 2292 matutino
1389 2236 1679 2294 falsissima
1717 2253 1808 2293 res

227 2339 340 2385 est.
376 2330 608 2384 Metonis
639 2345 803 2399 porro
850 2341 1110 2399 tempore,
1153 2329 1398 2398 adeoque
1433 2329 1804 2392 Euctemonis,

228 2437 467 2478 occasus
499 2422 800 2477 matutinus
833 2437 995 2476 verus
1023 2420 1260 2477 Pleiadis
1283 2422 1339 2475 in
1377 2420 1555 2476 Librae
1593 2423 1685 2484 27,
1726 2406 1808 2475 μ’

229 2515 491 2568 convenit
526 2531 538 2567 :
581 2515 648 2570 ad
681 2515 826 2585 quod
875 2514 1038 2584 spatii
1069 2514 1276 2585 aliquid
1323 2518 1545 2568 accedat
1594 2523 1810 2583 oportet

230 2607 302 2660 ad
336 2621 509 2675 usque
543 2607 887 2677 φαινόμενον,
918 2605 1078 2674 cujus
1111 2606 1274 2660 etiam
1304 2606 1618 2676 apparentis
1649 2620 1809 2659 occa-

229 2711 333 2751 sus
367 2696 566 2765 gradus
595 2695 760 2765 aliqui
785 2702 931 2750 sunt.
955 2693 1092 2749 Nam
1121 2696 1408 2766 paulatim,
1445 2695 1537 2749 ubi
1567 2695 1810 2766 longius-

228 2785 356 2838 cule
387 2786 454 2837 ab
483 2785 733 2854 Opposita
773 2785 897 2839 caeli
927 2785 1147 2855 regione
1194 2785 1277 2840 sol
1309 2785 1648 2851 discesserit,
1699 2796 1808 2839 tam

229 2877 291 2928 in
328 2881 474 2938 ortu,
502 2887 665 2943 quam
696 2873 752 2928 in
793 2888 994 2930 occasu
1035 2875 1191 2931 stella
1219 2875 1595 2946 conspicitur;
1646 2875 1812 2945 idque

229 2951 492 3020 continue
519 2966 576 3018 tit
618 2964 811 3021 diebus
839 2966 1065 3036 aliquot.
1085 2965 1345 3022 Geminus
1367 2966 1513 3022 enim
1543 2966 1718 3036 capite
1738 2965 1809 3019 Xl

230 3057 428 3112 scribit
464 3071 622 3112 veros
670 3067 827 3113 ortus
877 3065 933 3113 et
983 3073 1214 3115 occasus
1255 3060 1552 3113 matutinos
1597 3059 1808 3128 priores

228 3164 358 3203 esse
401 3148 822 3218 apparentibus;
875 3150 931 3204 in
979 3152 1310 3221 vespertinis
1355 3159 1548 3206 contra
1593 3151 1806 3221 priores

229 3254 359 3294 esse
398 3239 540 3294 veris
576 3247 917 3308 apparentes.
964 3238 1134 3310 Igitur
1172 3249 1498 3312 apparentes
1546 3248 1722 3302 ortus,
1754 3248 1808 3296 et

229 3343 468 3383 occasus
502 3329 777 3396 matutini,
804 3345 939 3397 quas
970 3329 1142 3384 Graeci
1169 3331 1560 3402 προανατολὰς,
1593 3339 1646 3386 et
1678 3349 1807 3400 προ-

229 3419 560 3481 καταδύσεις
601 3419 742 3489 ἑῴας
763 3421 1096 3490 φαινομένας
1128 3423 1414 3476 nominant
1434 3461 1448 3486 ,
1490 3422 1688 3492 saepius
1720 3437 1809 3476 re-

229 3513 389 3581 petiti
433 3527 590 3566 veros
624 3518 948 3580 sequuntur,
981 3512 1221 3581 quandiu
1265 3513 1526 3566 mediocri
1573 3512 1809 3567 intersti-

231 3608 312 3660 tio
347 3605 481 3661 solis
519 3613 699 3658 ortum
737 3603 938 3660 cadens
973 3603 1058 3658 vel
1094 3603 1277 3660 oriens
1323 3603 1478 3659 stella
1510 3605 1805 3673 praevertit.

236 3696 331 3751 Sic
375 3697 535 3752 etiam
571 3704 698 3751 ante
746 3695 1116 3765 vespertinum
1165 3703 1347 3748 ortum
1402 3695 1702 3758 stellarum,
1753 3700 1809 3748 et

235 3804 498 3844 occasum
568 3787 816 3859 ἀληθινὸν
870 3787 1005 3842 ﬁunt
1071 3795 1399 3857 apparentes
1460 3787 1804 3857 complures;

236 3879 418 3950 quoad
463 3879 885 3950 modicospatio
917 3877 1200 3935 conditum
1221 3880 1396 3934 solem
1421 3886 1559 3938 ortu.
1575 3894 1698 3946 suo,
1724 3879 1808 3934 vel

238 3987 438 4026 occasu
470 3973 625 4026 stella
658 3973 1038 4042 consequitur.

310 4063 442 4130 Quae
469 4065 687 4119 demum
717 4065 1001 4121 varietatis
1029 4066 1178 4122 illius
1207 4065 1389 4121 afferri
1415 4081 1578 4120 causa
1602 4072 1804 4135 potest,

237 4172 405 4226 quam
437 4161 597 4211 etiam
628 4158 803 4213 aetatis
844 4159 987 4213 inter
1021 4157 1288 4228 ejusdem,
1323 4172 1387 4210 ac
1433 4157 1673 4227 regionis
1713 4173 1808 4210 au.

236 4257 422 4304 ctores
448 4249 765 4318 plerumque
794 4250 1071 4304 cernimus
1096 4268 1109 4304 :
1145 4249 1275 4303 dum
1319 4249 1460 4304 alius
1484 4249 1805 4312 orientibus,

237 4339 627 4395 cadentibusve
662 4340 834 4396 stellis
864 4341 970 4394 alia
1002 4339 1309 4411 praescribit
1336 4349 1602 4409 tempora,
1638 4339 1808 4395 diem-

237 4447 346 4502 que
366 4430 637 4494 diﬁundit,
665 4439 724 4486 ut
765 4431 832 4485 ab
864 4431 932 4486 iis
974 4431 1246 4496 terminis,
1289 4445 1428 4500 quos
1456 4424 1524 4485 ei:
1562 4437 1809 4486 astrono-

1898 588 2204 650 respectum
2241 581 2533 639 habuerint
2575 582 2947 642 mathematici
2997 592 3209 641 veteres
3256 587 3312 642 in
3357 588 3476 642 suis

1897 673 2398 743 parapegmatibus,
2445 685 2767 743 argumento
2815 685 2920 740 est,
2970 676 3138 745 quod.
3188 684 3249 732 ut
3309 677 3476 736 refert

1897 764 2048 819 Theo
2095 765 2150 818 in
2195 765 2428 831 Arateis,
2472 775 2859 838 parapegmata
2896 783 2999 823 sua
3037 770 3252 839 publice
3282 783 3478 841 propo-

1899 858 2102 912 nebant
2152 872 2277 912 cum
2323 858 2608 929 praesagiis
2640 867 3048 928 tempestatum,
3084 870 3393 927 ventorum,
3423 875 3480 920 ex

1899 950 1954 1002 id
1989 965 2159 1019 genus
2198 950 2450 1014 aliorum,
2482 966 2602 1022 qua:
2643 966 2785 1006 anno
2825 959 2938 1007 toto
2973 951 3160 1006 futura
3194 957 3480 1024 praescive-

1900 1048 2042 1095 rant.
2085 1039 2266 1096 Verba
2299 1041 2540 1097 Theonis
2587 1042 2752 1113 digna
2799 1053 2945 1108 sunt,
2991 1059 3112 1114 quae
3158 1044 3252 1099 hic
3307 1049 3480 1103 ascri-

1901 1132 2100 1186 bantur
2125 1147 2138 1182 :
2170 1132 2236 1184 0i
2261 1131 2322 1184 δὲ
2349 1132 2484 1202 μετὰ
2511 1132 2744 1186 Μέτωνα
2770 1133 3093 1205 ἀστρονόμοι
3119 1135 3216 1188 καὶ⁹
3249 1137 3480 1199 πίνακας

1907 1225 1966 1275 ὲν
1993 1225 2112 1285 ταῖς
2143 1223 2359 1276 πόλεσιν
2387 1223 2588 1294 ἔθηκαν
2621 1225 2748 1295 περὶ
2785 1223 2894 1278 τῶν
2928 1227 3022 1279 τοῦ
3067 1226 3220 1298 ἡλίου
3252 1245 3482 1300 περιφο-

1907 1313 2013 1386 ρῶν
2062 1311 2173 1366 τῶν
2220 1314 2891 1387 ὲννεακαιδεκαετηρίδων,
2947 1318 3028 1370 ὃτι
3085 1319 3206 1371 καθ’
3255 1319 3519 1396 ἔκαεν-«τον⁸

1903 1403 2148 1457 ἐνιαυτὸν
2174 1403 2378 1457 τοιόσδε
2427 1405 2579 1459 ἔσται
2623 1406 2846 1477 χειμὼν,
2880 1408 2973 1464 καὶ
3001 1409 3201 1463 τοιόνδε
3227 1409 3347 1480 ἔαρ,
3387 1410 3482 1463 καὶ

1903 1494 2102 1548 τοιόνδε
2141 1494 2318 1566 θέρος,
2363 1496 2455 1550 καὶ
2502 1497 2706 1550 τοιόνδε
2757 1498 3117 1571 φθινόπωρον,
3149 1501 3246 1554 καὶ
3289 1501 3479 1554 τοιοίδε

1904 1587 2124 1656 ἄνεμοι*
2158 1587 2254 1640 καὶ
2293 1587 2464 1640 πολλὰ
2502 1589 2638 1657 πρὸς
2685 1588 2967 1658 βιωφελεῖς
3001 1592 3191 1662 χρείας
3232 1594 3343 1658 τοῖς
3389 1593 3482 1646 ἀνο-

1906 1677 2166 1748 Θρώποις.
2204 1677 2329 1734 Ηωο
2361 1688 2540 1734 autem
2574 1681 2754 1735 omnia
2802 1698 2912 1736 non
2955 1683 3009 1738 in
3054 1684 3189 1754 ipsis
3228 1693 3482 1740 astrono-

1907 1770 2178 1826 micorum
2210 1779 2430 1826 ortuum
2456 1773 2542 1826 vel
2589 1787 2884 1829 oceasuum
2921 1774 3241 1842 momentis,
3267 1777 3362 1836 sed
3389 1777 3483 1834 ali-

1838 1853 1882 1912 B
1907 1863 2128 1932 quando
2159 1869 2305 1927 ante,
2338 1862 2422 1916 vel
2454 1870 2577 1932 post
2607 1863 2888 1918 observari
2929 1865 3126 1919 solent.

1975 1954 2237 2010 Geminus
2265 1954 2319 2009 in
2349 1962 2733 2024 parapegmate
2756 1954 2922 2010 refert
2947 1971 3014 2012 ex
3033 1956 3244 2027 Calippi
3275 1957 3482 2014 deseri--

1906 2047 2092 2116 ptione
2123 2045 2388 2117 Vergilias
2437 2046 2688 2100 occidere
2738 2047 2792 2100 in
2841 2055 2994 2116 parte
3037 2046 3249 2118 Scorpii
3283 2048 3366 2103 16.
3410 2049 3480 2102 At

1907 2137 2130 2194 Eudoxo
2178 2137 2236 2191 in
2275 2136 2375 2203 19;
2419 2136 2739 2192 Euctemoni
2776 2152 2906 2192 vero
2950 2138 3004 2191 in
3051 2137 3138 2202 45,
3187 2156 3310 2194 cum
3356 2151 3485 2196 ante

1908 2225 2247 2282 Democritus
2291 2227 2362 2280 in-
2394 2226 2429 2281 4
2475 2226 2780 2281 statuisset.
2810 2226 2973 2282 Liber
3009 2227 3076 2284 de
3124 2228 3480 2286 inerrantium

1908 2319 2424 2390 significationibus,
2452 2319 2550 2389 qui
2579 2318 2870 2374 Ptolemaao
2902 2319 3179 2386 tribuitur,
3212 2320 3479 2394 Vergilia-

1908 2426 2029 2466 rum
2068 2411 2289 2466 occasui
2317 2411 2588 2465 matutino
2620 2411 2806 2480 plures
2847 2412 3072 2467 ascribit
3103 2413 3243 2480 dies,
3285 2429 3481 2485 nempe

1913 2501 2169 2558 Octobris
2219 2519 2331 2568 XIX,
2383 2518 2540 2568 xxiii,
2591 2517 2765 2568 xxvu,
2810 2503 3080 2560 Kalendas
3124 2503 3478 2574 Novembres,

1906 2595 2049 2649 diem
2077 2595 2324 2664 ejusdem
2357 2611 2452 2660 vn,
2478 2611 2536 2650 ιι
2565 2605 2619 2651 et
2647 2612 2768 2660 xui,
2801 2596 2895 2666 qui
2921 2611 3159 2654 occasus
3184 2599 3479 2671 superiori-

1907 2686 2012 2742 bus
2059 2687 2166 2744 illis
2211 2702 2242 2744 a
2273 2687 2502 2744 Gemino
2550 2690 2870 2744 memoratis
2907 2700 3346 2747 astronomerum
3384 2692 3478 2748 de-

1907 2780 2075 2833 cretis
2128 2779 2533 2834 accommodari
2583 2787 2836 2850 possunt,
2883 2782 2958 2836 ita
2985 2791 3044 2837 ut
3086 2800 3200 2838 non
3247 2799 3480 2840 occasus

1907 2871 2057 2937 veri,
2083 2871 2186 2928 sed
2219 2880 2546 2943 apparentes
2593 2873 2967 2942 intelligantur
3005 2891 3070 2932 eo
3113 2877 3276 2932 modo
3319 2893 3478 2948 quem

1907 2965 2152 3037 proxime
2189 2965 2596 3034 proposuimus.

1981 3055 2124 3113 Sane
2141 3055 2268 3110 Julii
2297 3055 2530 3114 Caesaris
2557 3065 2716 3114 aetate
2743 3073 2906 3115 verus
2931 3071 3162 3114 occasus
3178 3058 3478 3114 matutinus

1910 3149 2189 3206 Pleiadum
2242 3148 2416 3204 ﬁebat‘
2449 3153 2505 3204 in
2559 3160 2755 3222 quarta
2804 3159 2956 3222 parte
2991 3150 3225 3222 Scorpii.
3267 3153 3352 3207 Ab
3373 3152 3477 3207 hoc

1912 3247 2154 3309 tempore
2213 3237 2518 3308 interiectis
2570 3239 2765 3296 diebus
2821 3240 3033 3307 decem,
3085 3247 3178 3296 aut
3215 3249 3476 3312 quatuor-

1911 3329 2106 3396 decim,
2160 3331 2438 3402 continget
2485 3319 2756 3402 apparens
2803 3349 3031 3390 occasus
3068 3333 3156 3389 die
3187 3334 3255 3390 ab
3303 3335 3475 3406 atqui-

1910 3423 2094 3477 noctio
2142 3435 2290 3490 thv,
2328 3423 2414 3476 vel
2472 3438 2662 3478 vam.
2725 3424 2968 3490 Quorum
3018 3435 3332 3498 utrumque,
3379 3429 3479 3484 sed

1913 3510 2047 3569 illud
2071 3515 2304 3570 maxime
2333 3514 2583 3586 Sosigeni
2614 3531 2678 3570 ac
2707 3516 2855 3572 Julio
2886 3518 3093 3575 Caesari
3125 3519 3424 3590 imputatur
3443 3534 3475 3574 a

1908 3606 2108 3663 Plinio.

1985 3700 2098 3756 Sub
2120 3701 2261 3757 idem
2303 3709 2516 3776 tempus
2560 3704 2828 3772 autumni,
2866 3712 2994 3760 ante
3025 3705 3352 3760 matutinum
3391 3720 3474 3762 oc-

1911 3808 2118 3859 casum,
2167 3793 2450 3850 Pleiadum
2497 3798 2843 3866 vespertinus
2895 3807 3050 3852 ortus
3097 3798 3346 3854 accidit:
3386 3799 3473 3856 cui

1910 3886 2128 3957 quidem
2157 3886 2361 3943 diversi
2390 3887 2534 3958 apud
2558 3888 2846 3944 Geminum
2873 3899 2927 3945 et
2962 3889 3304 3945 Ptolemaeum
3338 3907 3474 3962 prae.

1908 3975 2088 4032 stituti
2126 3984 2254 4031 sunt
2292 3976 2430 4032 dies.
2485 3976 2748 4033 Geminus
2801 3979 2876 4032 ait
2931 3977 3311 4034 Euctemonem
3354 3980 3410 4035 in
3441 3981 3474 4036 5

1910 4070 2086 4125 Librae
2111 4079 2262 4139 parte
2302 4069 2580 4134 statuisse,
2614 4068 2898 4124 Eudoxum
2928 4069 2986 4124 in
3014 4070 3100 4125 10.
3141 4069 3297 4137 Quod
3323 4080 3382 4126 ut
3407 4071 3474 4131 de

1910 4161 2146 4233 ἀληθινῷ
2189 4161 2473 4232 capiatur,
2530 4161 2757 4232 contigit
2806 4160 3027 4218 Hesiodi
3073 4161 3295 4218 saeculo.
3335 4161 3476 4217 Tum

1911 4255 2056 4311 enim
2095 4256 2150 4308 in
2197 4251 2374 4307 Librae
2417 4253 2485 4307 10
2525 4259 2680 4322 parte
2722 4252 3042 4324 ἀκρονύχως
3066 4253 3386 4307 oriebantur
3416 4253 3472 4308 in

1911 4345 2116 4401 Graecia
2175 4343 2465 4416 Vergiliae:
2495 4344 2739 4398 Thaletis
2785 4352 2966 4398 autem
3014 4350 3259 4413 tempore
3292 4343 3347 4398 in
3382 4343 3470 4409 i6,

1909 4434 2098 4490 eodem
2131 4434 2186 4490 in
2219 4434 2328 4488 situ
2381 4433 2641 4502 regionis.
2675 4436 2744 4485 At
2776 4431 2987 4488 Metone
3021 4433 3259 4498 vivente,
3296 4433 3353 4488 in
3381 4434 3469 4498 19,

236 4523 395 4580 micis
426 4523 628 4594 regulis
658 4523 1052 4594 triangulorum
1081 4538 1203 4594 ope,
1241 4537 1305 4577 ac
1327 4521 1583 4578 methodo
1607 4523 1807 4578 consti-
1836 4544 1880 4599 ι)
1909 4523 2037 4578 Julii
2073 4525 2310 4593 denique
2351 4522 2587 4578 Caesaris
2623 4538 2736 4577 aevo
2769 4525 2823 4576 in
2864 4522 2955 4578 25.
3001 4522 3180 4594 Atque
3222 4522 3304 4577 liae
3346 4531 3473 4578 sunt

235 4613 463 4679 tuimus,
511 4614 818 4684 plusculum
865 4614 1138 4669 interdum
1184 4613 1442 4670 recedere
1492 4613 1802 4669 videantur.

235 4705 294 4760 Id
339 4722 404 4763 eo
437 4706 494 4760 ﬁt
518 4707 664 4778 quod
693 4706 988 4777 scriptores
1019 4707 1118 4771 illi,
1153 4707 1249 4778 qui
1293 4721 1476 4762 rerum
1517 4706 1601 4761 vel
1629 4713 1806 4776 gesta-

235 4809 360 4848 rum
399 4796 740 4860 memoriam,
770 4801 856 4852 vel
893 4795 1202 4851 communis
1229 4795 1298 4850 ad
1336 4811 1497 4850 usum
1533 4796 1656 4849 vitae
1678 4810 1804 4865 spe-

234 4886 500 4941 ctantium
540 4888 924 4946 tractationem
956 4889 1274 4952 instituunt,
1300 4888 1548 4959 populari
1576 4889 1802 4951 trutina,

234 4987 291 5031 et
325 4994 606 5044 sensuum,
636 4978 892 5049 vulgique
915 4979 1125 5049 judicio
1157 4987 1212 5034 et
1260 4981 1646 5044 aestimatione,
1697 4995 1805 5035 non

236 5067 443 5134 limata,
474 5079 528 5125 et
549 5069 734 5125 subtili
762 5072 976 5127 ratione
1009 5071 1114 5126 ista
1143 5073 1482 5128 describunt.
1519 5070 1700 5138 Quare
1735 5087 1802 5125 ex

235 5173 302 5213 eo
324 5159 472 5214 omni
513 5169 782 5230 tempore,
826 5163 970 5232 quod
1017 5163 1258 5218 siderum
1294 5170 1451 5220 ortus
1488 5170 1544 5218 et
1570 5177 1802 5218 occasus

235 5250 482 5320 ἀκριϐεῖς
522 5253 782 5308 mediocri
824 5255 1002 5324 spatio
1049 5255 1137 5310 vel
1179 5255 1484 5309 matutinos
1529 5257 1798 5326 sequitur,

235 5343 320 5396 vel
358 5344 628 5398 antecedit
671 5346 1048 5415 vespertinos;
1097 5347 1188 5401 alii
1232 5348 1371 5404 alios
1411 5347 1620 5418 eligunt
1659 5348 1798 5412 dies,

234 5436 436 5506 quibus
463 5436 593 5491 oriri
617 5438 822 5500 stellas,
852 5440 934 5493 vel
961 5439 1211 5494 occidere
1252 5441 1630 5510 pronuntiant,
1664 5456 1802 5508 prae—

234 5528 423 5582 sertim
450 5544 574 5583 cum
605 5530 966 5602 ἐπισημασίαι
995 5531 1453 5599 vehementiores,
1482 5539 1536 5586 et
1559 5532 1799 5601 insignes

233 5620 377 5674 aeris
409 5621 738 5678 mutationes
773 5623 1070 5678 incidunt:
1118 5638 1238 5692 quae
1285 5624 1449 5678 certis
1497 5623 1603 5677 illis
1654 5623 1800 5679 side-

233 5711 388 5766 ribus
450 5729 516 5768 ex
585 5715 808 5786 antiqua
869 5724 923 5771 et
981 5731 1010 5769 a
1068 5715 1370 5784 majoribus
1417 5715 1615 5771 tradita
1679 5716 1799 5786 epi-

233 5801 398 5858 nione
419 5805 584 5862 tribui
608 5807 873 5862 solebant.
899 5808 1051 5874 Quod
1083 5807 1147 5861 ad
1180 5809 1424 5876 cﬂ'ectus,
1453 5819 1505 5864 et
1529 5812 1796 5880 ἐπισημα-

1907 4615 2174 4686 amomi,
2204 4624 2257 4670 et
2284 4614 2570 4684 ἀκρόνυχοι
2595 4614 2869 4682 ἐπιτολαί,
2909 4630 3048 4685 quas
3070 4615 3254 4686 utique
3270 4631 3472 4685 puere.

1907 4706 2042 4760 dunt
2076 4715 2421 4777 apparentes.
2457 4706 2546 4763 Ea:
2576 4723 2740 4780 porro
2770 4710 3018 4779 repetitis
3045 4699 3237 4764 diebus
3273 4708 3470 4779 saepius

1907 4797 2212 4853 incurrunt.
2267 4798 2345 4854 Ex
2397 4801 2598 4870 quibus
2642 4809 2793 4857 certa
2828 4802 2932 4857 sibi
2965 4801 3198 4872 quisque
3228 4809 3470 4872 tempora

1905 4891 2170 4960 sumpsit,
2204 4891 2404 4959 quibus
2435 4893 2566 4947 oriri
2598 4891 2844 4948 Pleiadas
2868 4893 3030 4963 paulo
3059 4902 3184 4964 post
3211 4907 3470 4949 occasum

1906 4983 2077 5037 solem
2105 4981 2331 5037 diceret.

1975 5077 2031 5132 In
2052 5075 2328 5133 Ptolemaei
2387 5079 2572 5134 libello
2612 5079 2806 5136 Latino
2831 5079 3083 5137 Octobris
3105 5080 3382 5147 Kalendis,
3412 5091 3468 5138 et

1904 5170 2146 5224 secundo
2196 5170 2304 5236 die,
2341 5187 2486 5226 nono
2508 5187 2571 5225 ac
2603 5171 2927 5228 duodecimo
2950 5213 2966 5239 ,
3005 5173 3148 5228 idem
3191 5173 3282 5229 ille
3313 5184 3466 5230 ortus

1902 5262 2214 5317 adnotatur.
2262 5261 2449 5320 Potest
2499 5263 2568 5318 de
2595 5273 2719 5320 ortu
2754 5279 2885 5320 vero
2925 5266 3001 5319 ita
3029 5266 3316 5335 scripsisse
3342 5267 3465 5320 libri

1903 5353 2068 5423 hujus
2097 5362 2290 5411 auctor
2312 5395 2328 5418 ,
2359 5356 2450 5426 qui
2495 5357 2702 5426 putavit
2741 5357 2795 5411 in
2817 5357 3035 5415 Libram
3069 5358 3273 5428 ingredi
3298 5359 3464 5414 solem

1901 5446 1988 5502 die
2021 5443 2354 5516 Septembris
2383 5465 2469 5502 xux
2501 5468 2512 5503 :
2547 5464 2576 5503 a
2608 5465 2716 5519 quo
2756 5449 3008 5505 Kalendae
3045 5451 3294 5507 Octobris
3320 5453 3466 5510 deci-

1901 5554 2022 5595 mus
2042 5539 2237 5593 tertius
2265 5541 2381 5594 dies
2410 5549 2493 5596 est
2512 5580 2527 5606 ,
2561 5556 2743 5597 nonus
2762 5557 2890 5598 vero
2917 5543 3206 5600 vicesimus
3231 5543 3462 5614 primus,

1899 5629 2251 5686 duodecimus
2318 5640 2544 5700 quartus
2581 5640 2637 5686 et
2680 5624 2996 5688 vicesimus.
3025 5632 3128 5699 Qui
3156 5643 3466 5704 postremus

1897 5721 2040 5774 ortui
2087 5721 2302 5776 Juliano
2337 5724 2642 5794 acronycho
2673 5724 2948 5790 convenit,
2997 5726 3180 5780 caeteri
3236 5725 3465 5782 Metonis

1898 5809 2236 5882 aliorumque
2259 5813 2458 5868 saeculo
2479 5813 2771 5883 quadrant.
2791 5811 2915 5870 Haec
2949 5829 3013 5869 ex
3045 5816 3286 5870 auctoris
3320 5817 3465 5870 illius
