  <div class='ocr_page' id='page_1' title='image "/cluster/home/n/w/nwhite01/storage/ocr_20150623/19/nnc1.0037127454/713.png"; bbox 0 0 4022 6398; ppageno 0'>
   <div class='ocr_carea' id='block_1_1' title="bbox 540 369 678 428">
    <p class='ocr_par' dir='ltr' id='par_1_1' title="bbox 540 369 678 428">
     <span class='ocr_line' id='line_1_1' title="bbox 540 369 678 428; baseline 0 -3"><span class='ocrx_word' id='word_1_1' title='bbox 540 369 678 428; x_wconf 69' lang='grc'><strong>1385</strong></span> 
     </span>
    </p>
   </div>
   <div class='ocr_carea' id='block_1_2' title="bbox 1560 347 2789 413">
    <p class='ocr_par' dir='ltr' id='par_1_2' title="bbox 1560 347 2789 413">
     <span class='ocr_line' id='line_1_2' title="bbox 1560 347 2789 413; baseline -0.01 0"><span class='ocrx_word' id='word_1_2' title='bbox 1560 359 1648 413; x_wconf 82' lang='lat' dir='ltr'><strong>A‘D</strong></span> <span class='ocrx_word' id='word_1_3' title='bbox 1687 357 1952 413; x_wconf 87' lang='lat' dir='ltr'><strong>EUSEBII</strong></span> <span class='ocrx_word' id='word_1_4' title='bbox 1981 350 2374 411; x_wconf 78' lang='lat' dir='ltr'><strong>CHRONICON</strong></span> <span class='ocrx_word' id='word_1_5' title='bbox 2415 347 2789 406; x_wconf 75' lang='lat' dir='ltr'><strong>APPENDIX.</strong></span> 
     </span>
    </p>
   </div>
   <div class='ocr_carea' id='block_1_3' title="bbox 3673 340 3842 399">
    <p class='ocr_par' dir='ltr' id='par_1_3' title="bbox 3673 340 3842 399">
     <span class='ocr_line' id='line_1_3' title="bbox 3673 340 3842 399; baseline 0.012 -3"><span class='ocrx_word' id='word_1_6' title='bbox 3673 340 3842 399; x_wconf 71' lang='grc'><strong>1384</strong></span> 
     </span>
    </p>
   </div>
   <div class='ocr_carea' id='block_1_4' title="bbox 538 456 3840 551">
    <p class='ocr_par' dir='ltr' id='par_1_4' title="bbox 538 456 3840 551">
     <span class='ocr_line' id='line_1_4' title="bbox 538 456 3840 551; baseline -0.009 -13"><span class='ocrx_word' id='word_1_7' title='bbox 538 485 674 538; x_wconf 86' lang='lat' dir='ltr'><strong>falsa</strong></span> <span class='ocrx_word' id='word_1_8' title='bbox 701 479 1056 551; x_wconf 85' lang='lat' dir='ltr'><strong>persuasione</strong></span> <span class='ocrx_word' id='word_1_9' title='bbox 1076 477 1144 532; x_wconf 91' lang='lat' dir='ltr'><strong>de</strong></span> <span class='ocrx_word' id='word_1_10' title='bbox 1175 476 1428 547; x_wconf 82' lang='lat' dir='ltr'><strong>ingressu</strong></span> <span class='ocrx_word' id='word_1_11' title='bbox 1467 474 1600 529; x_wconf 88' lang='lat' dir='ltr'><strong>solis</strong></span> <span class='ocrx_word' id='word_1_12' title='bbox 1636 475 1694 528; x_wconf 88' lang='lat' dir='ltr'><strong>in</strong></span> <span class='ocrx_word' id='word_1_13' title='bbox 1723 471 2112 528; x_wconf 88' lang='lat' dir='ltr'><strong>dodecatemo-</strong></span> <span class='ocrx_word' id='word_1_14' title='bbox 2141 479 2189 535; x_wconf 82' lang='grc' dir='ltr'><strong>Α</strong></span> <span class='ocrx_word' id='word_1_15' title='bbox 2218 468 2418 524; x_wconf 69' lang='lat' dir='ltr'><strong>coelum</strong></span> <span class='ocrx_word' id='word_1_16' title='bbox 2461 472 2565 529; x_wconf 88' lang='lat' dir='ltr'><strong>est,</strong></span> <span class='ocrx_word' id='word_1_17' title='bbox 2593 463 2866 518; x_wconf 82' lang='lat' dir='ltr'><strong>horizonti</strong></span> <span class='ocrx_word' id='word_1_18' title='bbox 2915 459 3134 531; x_wconf 78' lang='grc' dir='ltr'><strong>ἀτμώδη</strong></span> <span class='ocrx_word' id='word_1_19' title='bbox 3171 456 3456 551; x_wconf 85' lang='lat' dir='ltr'><strong>quemdam</strong></span> <span class='ocrx_word' id='word_1_20' title='bbox 3475 469 3696 551; x_wconf 58' lang='lat' dir='ltr'><strong>aerem</strong></span> <span class='ocrx_word' id='word_1_21' title='bbox 3733 456 3840 551; x_wconf 58' lang='lat' dir='ltr'><strong>ir:-</strong></span> 
     </span>
    </p>
   </div>
   <div class='ocr_carea' id='block_1_5' title="bbox 538 562 2115 632">
    <p class='ocr_par' dir='ltr' id='par_1_5' title="bbox 538 562 2115 632">
     <span class='ocr_line' id='line_1_5' title="bbox 538 562 2115 632; baseline -0.007 -7"><span class='ocrx_word' id='word_1_22' title='bbox 538 575 621 626; x_wconf 89' lang='lat' dir='ltr'><strong>ria</strong></span> <span class='ocrx_word' id='word_1_23' title='bbox 644 580 836 624; x_wconf 86' lang='lat' dir='ltr'><strong>octavo</strong></span> <span class='ocrx_word' id='word_1_24' title='bbox 858 577 981 623; x_wconf 90' lang='lat' dir='ltr'><strong>ante</strong></span> <span class='ocrx_word' id='word_1_25' title='bbox 1005 566 1263 621; x_wconf 83' lang='lat' dir='ltr'><strong>cardines</strong></span> <span class='ocrx_word' id='word_1_26' title='bbox 1280 565 1384 619; x_wconf 80' lang='lat' dir='ltr'><strong>die</strong></span> <span class='ocrx_word' id='word_1_27' title='bbox 1425 563 1569 617; x_wconf 84' lang='lat' dir='ltr'><strong>haud</strong></span> <span class='ocrx_word' id='word_1_28' title='bbox 1601 562 1837 618; x_wconf 83' lang='lat' dir='ltr'><strong>absurde</strong></span> <span class='ocrx_word' id='word_1_29' title='bbox 1865 564 2115 632; x_wconf 88' lang='lat' dir='ltr'><strong>suspica-</strong></span> 
     </span>
    </p>
   </div>
   <div class='ocr_carea' id='block_1_6' title="bbox 538 655 2114 730">
    <p class='ocr_par' dir='ltr' id='par_1_6' title="bbox 538 655 2114 730">
     <span class='ocr_line' id='line_1_6' title="bbox 538 655 2114 730; baseline -0.008 -11"><span class='ocrx_word' id='word_1_30' title='bbox 538 680 706 720; x_wconf 85' lang='lat' dir='ltr'><strong>mur:</strong></span> <span class='ocrx_word' id='word_1_31' title='bbox 739 662 980 730; x_wconf 81' lang='lat' dir='ltr'><strong>alioquin</strong></span> <span class='ocrx_word' id='word_1_32' title='bbox 1034 659 1100 712; x_wconf 84' lang='lat' dir='ltr'><strong>ad</strong></span> <span class='ocrx_word' id='word_1_33' title='bbox 1152 656 1480 727; x_wconf 82' lang='grc' dir='ltr'><strong>φαινομένην</strong></span> <span class='ocrx_word' id='word_1_34' title='bbox 1527 655 1779 726; x_wconf 75' lang='grc' dir='ltr'><strong>ἐπιτολὴν</strong></span> <span class='ocrx_word' id='word_1_35' title='bbox 1813 655 2114 725; x_wconf 82' lang='grc' dir='ltr'><strong>ἀκρόνυχον</strong></span> 
     </span>
    </p>
   </div>
   <div class='ocr_carea' id='block_1_7' title="bbox 539 752 1056 819">
    <p class='ocr_par' dir='ltr' id='par_1_7' title="bbox 539 752 1056 819">
     <span class='ocr_line' id='line_1_7' title="bbox 539 752 1056 819; baseline -0.021 -9"><span class='ocrx_word' id='word_1_36' title='bbox 539 752 734 810; x_wconf 90' lang='lat' dir='ltr'><strong>referri</strong></span> <span class='ocrx_word' id='word_1_37' title='bbox 778 756 1056 819; x_wconf 90' lang='lat' dir='ltr'><strong>poterunt.</strong></span> 
     </span>
    </p>
   </div>
   <div class='ocr_carea' id='block_1_8' title="bbox 610 833 2115 910">
    <p class='ocr_par' dir='ltr' id='par_1_8' title="bbox 610 833 2115 910">
     <span class='ocr_line' id='line_1_8' title="bbox 610 833 2115 910; baseline -0.005 -14"><span class='ocrx_word' id='word_1_38' title='bbox 610 842 869 910; x_wconf 76' lang='lat' dir='ltr'><strong>Sequitur</strong></span> <span class='ocrx_word' id='word_1_39' title='bbox 923 836 1271 907; x_wconf 89' lang='lat' dir='ltr'><strong>vespertinus</strong></span> <span class='ocrx_word' id='word_1_40' title='bbox 1328 850 1569 890; x_wconf 81' lang='lat' dir='ltr'><strong>occasus</strong></span> <span class='ocrx_word' id='word_1_41' title='bbox 1611 833 1912 898; x_wconf 78' lang='lat' dir='ltr'><strong>Pleiadum,</strong></span> <span class='ocrx_word' id='word_1_42' title='bbox 1953 850 2115 905; x_wconf 89' lang='lat' dir='ltr'><strong>quem</strong></span> 
     </span>
    </p>
   </div>
   <div class='ocr_carea' id='block_1_9' title="bbox 543 927 2120 997">
    <p class='ocr_par' dir='ltr' id='par_1_9' title="bbox 543 927 2120 997">
     <span class='ocr_line' id='line_1_9' title="bbox 543 927 2120 997; baseline -0.003 -11"><span class='ocrx_word' id='word_1_43' title='bbox 543 931 804 986; x_wconf 88' lang='lat' dir='ltr'><strong>Geminus</strong></span> <span class='ocrx_word' id='word_1_44' title='bbox 841 929 1231 983; x_wconf 88' lang='lat' dir='ltr'><strong>Euctemouem</strong></span> <span class='ocrx_word' id='word_1_45' title='bbox 1285 929 1360 980; x_wconf 92' lang='lat' dir='ltr'><strong>ait</strong></span> <span class='ocrx_word' id='word_1_46' title='bbox 1400 927 1455 980; x_wconf 93' lang='lat' dir='ltr'><strong>in</strong></span> <span class='ocrx_word' id='word_1_47' title='bbox 1487 927 1554 981; x_wconf 85' lang='lat' dir='ltr'><strong>I0</strong></span> <span class='ocrx_word' id='word_1_48' title='bbox 1601 935 1754 996; x_wconf 89' lang='lat' dir='ltr'><strong>parte</strong></span> <span class='ocrx_word' id='word_1_49' title='bbox 1790 928 1987 981; x_wconf 78' lang='lat' dir='ltr'><strong>Arietis</strong></span> <span class='ocrx_word' id='word_1_50' title='bbox 2021 943 2120 997; x_wconf 84' lang='lat' dir='ltr'><strong>po--</strong></span> 
     </span>
    </p>
   </div>
   <div class='ocr_carea' id='block_1_10' title="bbox 553 1017 2119 1089">
    <p class='ocr_par' dir='ltr' id='par_1_10' title="bbox 553 1017 2119 1089">
     <span class='ocr_line' id='line_1_10' title="bbox 553 1017 2119 1089; baseline -0.004 -10"><span class='ocrx_word' id='word_1_51' title='bbox 553 1039 681 1079; x_wconf 87' lang='lat' dir='ltr'><strong>nere</strong></span> <span class='ocrx_word' id='word_1_52' title='bbox 706 1041 720 1089; x_wconf 91' lang='lat'><strong>;</strong></span> <span class='ocrx_word' id='word_1_53' title='bbox 747 1021 1029 1076; x_wconf 76' lang='lat' dir='ltr'><strong>Eudoxum</strong></span> <span class='ocrx_word' id='word_1_54' title='bbox 1056 1028 1110 1074; x_wconf 89' lang='lat' dir='ltr'><strong>et</strong></span> <span class='ocrx_word' id='word_1_55' title='bbox 1141 1018 1508 1073; x_wconf 74' lang='lat' dir='ltr'><strong>Democritum</strong></span> <span class='ocrx_word' id='word_1_56' title='bbox 1535 1018 1590 1071; x_wconf 93' lang='lat' dir='ltr'><strong>in</strong></span> <span class='ocrx_word' id='word_1_57' title='bbox 1615 1018 1701 1071; x_wconf 78' lang='lat' dir='ltr'><strong>I5.</strong></span> <span class='ocrx_word' id='word_1_58' title='bbox 1734 1017 1846 1088; x_wconf 87' lang='lat' dir='ltr'><strong>Ego</strong></span> <span class='ocrx_word' id='word_1_59' title='bbox 1878 1017 2119 1073; x_wconf 75' lang='lat' dir='ltr'><strong>Thaletis</strong></span> 
     </span>
    </p>
   </div>
   <div class='ocr_carea' id='block_1_11' title="bbox 541 1109 2122 1185">
    <p class='ocr_par' dir='ltr' id='par_1_11' title="bbox 541 1109 2122 1185">
     <span class='ocr_line' id='line_1_11' title="bbox 541 1109 2122 1185; baseline -0.004 -15"><span class='ocrx_word' id='word_1_60' title='bbox 541 1123 784 1185; x_wconf 86' lang='lat' dir='ltr'><strong>tempore</strong></span> <span class='ocrx_word' id='word_1_61' title='bbox 833 1128 1096 1167; x_wconf 87' lang='lat' dir='ltr'><strong>occasum</strong></span> <span class='ocrx_word' id='word_1_62' title='bbox 1156 1109 1475 1166; x_wconf 83' lang='lat' dir='ltr'><strong>earumdem</strong></span> <span class='ocrx_word' id='word_1_63' title='bbox 1535 1109 1806 1164; x_wconf 81' lang='lat' dir='ltr'><strong>licliacum</strong></span> <span class='ocrx_word' id='word_1_64' title='bbox 1852 1110 2122 1164; x_wconf 88' lang='lat' dir='ltr'><strong>accidisse</strong></span> 
     </span>
    </p>
   </div>
   <div class='ocr_carea' id='block_1_12' title="bbox 544 1198 2118 1276">
    <p class='ocr_par' dir='ltr' id='par_1_12' title="bbox 544 1198 2118 1276">
     <span class='ocr_line' id='line_1_12' title="bbox 544 1198 2118 1276; baseline -0.006 -15"><span class='ocrx_word' id='word_1_65' title='bbox 544 1205 826 1276; x_wconf 90' lang='lat' dir='ltr'><strong>comperio</strong></span> <span class='ocrx_word' id='word_1_66' title='bbox 852 1205 906 1257; x_wconf 93' lang='lat' dir='ltr'><strong>in</strong></span> <span class='ocrx_word' id='word_1_67' title='bbox 938 1211 1090 1273; x_wconf 89' lang='lat' dir='ltr'><strong>parte</strong></span> <span class='ocrx_word' id='word_1_68' title='bbox 1106 1202 1310 1255; x_wconf 80' lang='lat' dir='ltr'><strong>Arietis</strong></span> <span class='ocrx_word' id='word_1_69' title='bbox 1339 1200 1434 1265; x_wconf 90' lang='lat' dir='ltr'><strong>I0;</strong></span> <span class='ocrx_word' id='word_1_70' title='bbox 1466 1198 1697 1253; x_wconf 75' lang='lat' dir='ltr'><strong>Metonis</strong></span> <span class='ocrx_word' id='word_1_71' title='bbox 1722 1206 1902 1254; x_wconf 90' lang='lat' dir='ltr'><strong>autem</strong></span> <span class='ocrx_word' id='word_1_72' title='bbox 1932 1201 1985 1252; x_wconf 92' lang='lat' dir='ltr'><strong>in</strong></span> <span class='ocrx_word' id='word_1_73' title='bbox 2019 1201 2118 1253; x_wconf 81' lang='lat' dir='ltr'><strong>I5:</strong></span> 
     </span>
    </p>
   </div>
   <div class='ocr_carea' id='block_1_13' title="bbox 544 1290 2126 1368">
    <p class='ocr_par' dir='ltr' id='par_1_13' title="bbox 544 1290 2126 1368">
     <span class='ocr_line' id='line_1_13' title="bbox 544 1290 2126 1368; baseline -0.005 -16"><span class='ocrx_word' id='word_1_74' title='bbox 544 1296 688 1368; x_wconf 88' lang='lat' dir='ltr'><strong>quod</strong></span> <span class='ocrx_word' id='word_1_75' title='bbox 712 1293 1107 1364; x_wconf 88' lang='lat' dir='ltr'><strong>satisquadrat.</strong></span> <span class='ocrx_word' id='word_1_76' title='bbox 1125 1291 1370 1346; x_wconf 82' lang='lat' dir='ltr'><strong>Addebat</strong></span> <span class='ocrx_word' id='word_1_77' title='bbox 1387 1290 1724 1345; x_wconf 87' lang='lat' dir='ltr'><strong>Democritus</strong></span> <span class='ocrx_word' id='word_1_78' title='bbox 1747 1292 1912 1346; x_wconf 85' lang='lat' dir='ltr'><strong>latere</strong></span> <span class='ocrx_word' id='word_1_79' title='bbox 1929 1291 2126 1344; x_wconf 76' lang='lat' dir='ltr'><strong>deinde</strong></span> 
     </span>
    </p>
   </div>
   <div class='ocr_carea' id='block_1_14' title="bbox 545 1379 2126 1451">
    <p class='ocr_par' dir='ltr' id='par_1_14' title="bbox 545 1379 2126 1451">
     <span class='ocr_line' id='line_1_14' title="bbox 545 1379 2126 1451; baseline -0.004 -12"><span class='ocrx_word' id='word_1_80' title='bbox 545 1394 691 1440; x_wconf 91' lang='lat' dir='ltr'><strong>totos</strong></span> <span class='ocrx_word' id='word_1_81' title='bbox 718 1385 835 1438; x_wconf 90' lang='lat' dir='ltr'><strong>dies</strong></span> <span class='ocrx_word' id='word_1_82' title='bbox 864 1397 929 1436; x_wconf 71' lang='grc' dir='ltr'><strong>ιι.</strong></span> <span class='ocrx_word' id='word_1_83' title='bbox 959 1400 972 1434; x_wconf 90' lang='lat'>:</span> <span class='ocrx_word' id='word_1_84' title='bbox 999 1381 1142 1451; x_wconf 92' lang='lat' dir='ltr'><strong>quod</strong></span> <span class='ocrx_word' id='word_1_85' title='bbox 1176 1379 1396 1434; x_wconf 90' lang='lat' dir='ltr'><strong>Hesiodi</strong></span> <span class='ocrx_word' id='word_1_86' title='bbox 1433 1387 1677 1448; x_wconf 88' lang='lat' dir='ltr'><strong>tempore</strong></span> <span class='ocrx_word' id='word_1_87' title='bbox 1720 1396 1906 1432; x_wconf 87' lang='lat' dir='ltr'><strong>verum</strong></span> <span class='ocrx_word' id='word_1_88' title='bbox 1957 1379 2126 1434; x_wconf 90' lang='lat' dir='ltr'><strong>fuisse</strong></span> 
     </span>
    </p>
   </div>
   <div class='ocr_carea' id='block_1_15' title="bbox 547 1466 2125 1535">
    <p class='ocr_par' dir='ltr' id='par_1_15' title="bbox 547 1466 2125 1535">
     <span class='ocr_line' id='line_1_15' title="bbox 547 1466 2125 1535; baseline -0.004 -6"><span class='ocrx_word' id='word_1_89' title='bbox 547 1472 1068 1529; x_wconf 86' lang='lat' dir='ltr'><strong>demonstravimus.</strong></span> <span class='ocrx_word' id='word_1_90' title='bbox 1123 1468 1433 1535; x_wconf 80' lang='lat' dir='ltr'><strong>Quinetiam</strong></span> <span class='ocrx_word' id='word_1_91' title='bbox 1483 1466 1726 1522; x_wconf 84' lang='lat' dir='ltr'><strong>Thaletis</strong></span> <span class='ocrx_word' id='word_1_92' title='bbox 1758 1477 2004 1535; x_wconf 86' lang='lat' dir='ltr'><strong>tempore</strong></span> <span class='ocrx_word' id='word_1_93' title='bbox 2031 1486 2125 1523; x_wconf 87' lang='lat' dir='ltr'><strong>oc-</strong></span> 
     </span>
    </p>
   </div>
   <div class='ocr_carea' id='block_1_16' title="bbox 551 1558 2130 1622">
    <p class='ocr_par' dir='ltr' id='par_1_16' title="bbox 551 1558 2130 1622">
     <span class='ocr_line' id='line_1_16' title="bbox 551 1558 2130 1622; baseline -0.003 -4"><span class='ocrx_word' id='word_1_94' title='bbox 551 1579 713 1618; x_wconf 83' lang='lat' dir='ltr'><strong>casus</strong></span> <span class='ocrx_word' id='word_1_95' title='bbox 747 1563 990 1616; x_wconf 84' lang='lat' dir='ltr'><strong>heliacus</strong></span> <span class='ocrx_word' id='word_1_96' title='bbox 1019 1561 1072 1614; x_wconf 94' lang='lat' dir='ltr'><strong>in</strong></span> <span class='ocrx_word' id='word_1_97' title='bbox 1098 1560 1297 1613; x_wconf 89' lang='lat' dir='ltr'><strong>Arietis</strong></span> <span class='ocrx_word' id='word_1_98' title='bbox 1343 1559 1406 1612; x_wconf 91' lang='lat' dir='ltr'><strong>l0</strong></span> <span class='ocrx_word' id='word_1_99' title='bbox 1431 1598 1446 1622; x_wconf 97' lang='lat'><strong>,</strong></span> <span class='ocrx_word' id='word_1_100' title='bbox 1490 1569 1643 1614; x_wconf 89' lang='lat' dir='ltr'><strong>ortus</strong></span> <span class='ocrx_word' id='word_1_101' title='bbox 1677 1558 1911 1612; x_wconf 57' lang='lat' dir='ltr'><strong>in’Tauri</strong></span> <span class='ocrx_word' id='word_1_102' title='bbox 1938 1560 2000 1612; x_wconf 79' lang='lat'><strong>16</strong></span> <span class='ocrx_word' id='word_1_103' title='bbox 2037 1561 2130 1614; x_wconf 82' lang='lat' dir='ltr'><strong>fie-</strong></span> 
     </span>
    </p>
   </div>
   <div class='ocr_carea' id='block_1_17' title="bbox 551 1649 2127 1721">
    <p class='ocr_par' dir='ltr' id='par_1_17' title="bbox 551 1649 2127 1721">
     <span class='ocr_line' id='line_1_17' title="bbox 551 1649 2127 1721; baseline -0.003 -11"><span class='ocrx_word' id='word_1_104' title='bbox 551 1653 1055 1711; x_wconf 89' lang='lat' dir='ltr'><strong>bat:intervallum</strong></span> <span class='ocrx_word' id='word_1_105' title='bbox 1120 1651 1335 1704; x_wconf 90' lang='lat' dir='ltr'><strong>dierum</strong></span> <span class='ocrx_word' id='word_1_106' title='bbox 1391 1665 1486 1704; x_wconf 85' lang='lat' dir='ltr'><strong>sex</strong></span> <span class='ocrx_word' id='word_1_107' title='bbox 1543 1658 1597 1705; x_wconf 90' lang='lat' dir='ltr'><strong>et</strong></span> <span class='ocrx_word' id='word_1_108' title='bbox 1645 1652 1888 1721; x_wconf 81' lang='lat' dir='ltr'><strong>triginta.</strong></span> <span class='ocrx_word' id='word_1_109' title='bbox 1926 1649 2127 1705; x_wconf 86' lang='lat' dir='ltr'><strong>Verum</strong></span> 
     </span>
    </p>
   </div>
   <div class='ocr_carea' id='block_1_18' title="bbox 553 1743 2131 1814">
    <p class='ocr_par' dir='ltr' id='par_1_18' title="bbox 553 1743 2131 1814">
     <span class='ocr_line' id='line_1_18' title="bbox 553 1743 2131 1814; baseline -0.003 -12"><span class='ocrx_word' id='word_1_110' title='bbox 553 1748 660 1802; x_wconf 84' lang='lat' dir='ltr'><strong>hoc</strong></span> <span class='ocrx_word' id='word_1_111' title='bbox 697 1747 754 1800; x_wconf 91' lang='lat' dir='ltr'><strong>in</strong></span> <span class='ocrx_word' id='word_1_112' title='bbox 818 1761 928 1800; x_wconf 92' lang='lat' dir='ltr'><strong>una</strong></span> <span class='ocrx_word' id='word_1_113' title='bbox 955 1743 1315 1814; x_wconf 89' lang='lat' dir='ltr'><strong>Vergiliarum</strong></span> <span class='ocrx_word' id='word_1_114' title='bbox 1363 1743 1546 1799; x_wconf 91' lang='lat' dir='ltr'><strong>lucida</strong></span> <span class='ocrx_word' id='word_1_115' title='bbox 1579 1745 1809 1814; x_wconf 80' lang='lat' dir='ltr'><strong>contigit</strong></span> <span class='ocrx_word' id='word_1_116' title='bbox 1846 1763 1858 1798; x_wconf 91' lang='lat'><strong>:</strong></span> <span class='ocrx_word' id='word_1_117' title='bbox 1890 1760 2014 1798; x_wconf 89' lang='lat' dir='ltr'><strong>nam</strong></span> <span class='ocrx_word' id='word_1_118' title='bbox 2046 1744 2131 1798; x_wconf 86' lang='lat' dir='ltr'><strong>ul-</strong></span> 
     </span>
    </p>
   </div>
   <div class='ocr_carea' id='block_1_19' title="bbox 551 1836 2130 1906">
    <p class='ocr_par' dir='ltr' id='par_1_19' title="bbox 551 1836 2130 1906">
     <span class='ocr_line' id='line_1_19' title="bbox 551 1836 2130 1906; baseline -0.003 -12"><span class='ocrx_word' id='word_1_119' title='bbox 551 1840 684 1894; x_wconf 85' lang='lat' dir='ltr'><strong>lima</strong></span> <span class='ocrx_word' id='word_1_120' title='bbox 731 1837 798 1891; x_wconf 85' lang='lat' dir='ltr'><strong>ad</strong></span> <span class='ocrx_word' id='word_1_121' title='bbox 840 1837 1105 1890; x_wconf 88' lang='lat' dir='ltr'><strong>orientem</strong></span> <span class='ocrx_word' id='word_1_122' title='bbox 1138 1847 1375 1905; x_wconf 91' lang='lat' dir='ltr'><strong>quatuor</strong></span> <span class='ocrx_word' id='word_1_123' title='bbox 1403 1836 1489 1890; x_wconf 87' lang='lat' dir='ltr'><strong>vel</strong></span> <span class='ocrx_word' id='word_1_124' title='bbox 1522 1837 1763 1906; x_wconf 89' lang='lat' dir='ltr'><strong>quinque</strong></span> <span class='ocrx_word' id='word_1_125' title='bbox 1792 1836 1984 1890; x_wconf 86' lang='lat' dir='ltr'><strong>diebus</strong></span> <span class='ocrx_word' id='word_1_126' title='bbox 2007 1844 2130 1906; x_wconf 90' lang='lat' dir='ltr'><strong>post</strong></span> 
     </span>
    </p>
   </div>
   <div class='ocr_carea' id='block_1_20' title="bbox 555 1927 2128 1989">
    <p class='ocr_par' dir='ltr' id='par_1_20' title="bbox 555 1927 2128 1989">
     <span class='ocr_line' id='line_1_20' title="bbox 555 1927 2128 1989; baseline -0.002 -4"><span class='ocrx_word' id='word_1_127' title='bbox 555 1931 700 1985; x_wconf 90' lang='lat' dir='ltr'><strong>illam</strong></span> <span class='ocrx_word' id='word_1_128' title='bbox 731 1937 909 1982; x_wconf 90' lang='lat' dir='ltr'><strong>ortum</strong></span> <span class='ocrx_word' id='word_1_129' title='bbox 943 1927 1211 1981; x_wconf 85' lang='lat' dir='ltr'><strong>heliacum</strong></span> <span class='ocrx_word' id='word_1_130' title='bbox 1243 1927 1453 1989; x_wconf 90' lang='lat' dir='ltr'><strong>habuit,</strong></span> <span class='ocrx_word' id='word_1_131' title='bbox 1492 1933 1552 1979; x_wconf 93' lang='lat' dir='ltr'><strong>ut</strong></span> <span class='ocrx_word' id='word_1_132' title='bbox 1591 1927 1658 1980; x_wconf 92' lang='lat' dir='ltr'><strong>de</strong></span> <span class='ocrx_word' id='word_1_133' title='bbox 1689 1934 1804 1980; x_wconf 84' lang='lat' dir='ltr'><strong>tuto</strong></span> <span class='ocrx_word' id='word_1_134' title='bbox 1841 1929 2128 1982; x_wconf 86' lang='lat' dir='ltr'><strong>asterismo</strong></span> 
     </span>
    </p>
   </div>
   <div class='ocr_carea' id='block_1_21' title="bbox 554 2016 2131 2081">
    <p class='ocr_par' dir='ltr' id='par_1_21' title="bbox 554 2016 2131 2081">
     <span class='ocr_line' id='line_1_21' title="bbox 554 2016 2131 2081; baseline -0.002 -5"><span class='ocrx_word' id='word_1_135' title='bbox 554 2020 901 2077; x_wconf 84' lang='lat' dir='ltr'><strong>verissimum</strong></span> <span class='ocrx_word' id='word_1_136' title='bbox 933 2018 1028 2081; x_wconf 89' lang='lat' dir='ltr'><strong>sit,</strong></span> <span class='ocrx_word' id='word_1_137' title='bbox 1057 2018 1282 2072; x_wconf 88' lang='lat' dir='ltr'><strong>latuisse</strong></span> <span class='ocrx_word' id='word_1_138' title='bbox 1312 2016 1430 2071; x_wconf 89' lang='lat' dir='ltr'><strong>dies</strong></span> <span class='ocrx_word' id='word_1_139' title='bbox 1463 2018 1705 2072; x_wconf 85' lang='lat' dir='ltr'><strong>totidem.</strong></span> <span class='ocrx_word' id='word_1_140' title='bbox 1741 2017 1971 2072; x_wconf 83' lang='lat' dir='ltr'><strong>Metonis</strong></span> <span class='ocrx_word' id='word_1_141' title='bbox 2005 2033 2131 2074; x_wconf 87' lang='lat' dir='ltr'><strong>ecce</strong></span> 
     </span>
    </p>
   </div>
   <div class='ocr_carea' id='block_1_22' title="bbox 556 2107 2127 2183">
    <p class='ocr_par' dir='ltr' id='par_1_22' title="bbox 556 2107 2127 2183">
     <span class='ocr_line' id='line_1_22' title="bbox 556 2107 2127 2183; baseline -0.002 -18"><span class='ocrx_word' id='word_1_142' title='bbox 556 2122 800 2183; x_wconf 90' lang='lat' dir='ltr'><strong>tempore</strong></span> <span class='ocrx_word' id='word_1_143' title='bbox 821 2110 1012 2165; x_wconf 67' lang='lat' dir='ltr'><strong>lucida:</strong></span> <span class='ocrx_word' id='word_1_144' title='bbox 1045 2107 1326 2162; x_wconf 88' lang='lat' dir='ltr'><strong>Pleiadum</strong></span> <span class='ocrx_word' id='word_1_145' title='bbox 1373 2122 1605 2162; x_wconf 86' lang='lat' dir='ltr'><strong>occasus</strong></span> <span class='ocrx_word' id='word_1_146' title='bbox 1646 2107 1890 2163; x_wconf 90' lang='lat' dir='ltr'><strong>heliacus</strong></span> <span class='ocrx_word' id='word_1_147' title='bbox 1933 2109 2127 2164; x_wconf 91' lang='lat' dir='ltr'><strong>incidit</strong></span> 
     </span>
    </p>
   </div>
   <div class='ocr_carea' id='block_1_23' title="bbox 558 2198 2130 2273">
    <p class='ocr_par' dir='ltr' id='par_1_23' title="bbox 558 2198 2130 2273">
     <span class='ocr_line' id='line_1_23' title="bbox 558 2198 2130 2273; baseline -0.001 -15"><span class='ocrx_word' id='word_1_148' title='bbox 558 2204 615 2258; x_wconf 91' lang='lat' dir='ltr'><strong>in</strong></span> <span class='ocrx_word' id='word_1_149' title='bbox 640 2202 866 2273; x_wconf 89' lang='lat' dir='ltr'><strong>gradum</strong></span> <span class='ocrx_word' id='word_1_150' title='bbox 909 2200 1111 2253; x_wconf 86' lang='lat' dir='ltr'><strong>Arietis</strong></span> <span class='ocrx_word' id='word_1_151' title='bbox 1139 2198 1226 2261; x_wconf 79' lang='lat' dir='ltr'><strong>I5,</strong></span> <span class='ocrx_word' id='word_1_152' title='bbox 1249 2205 1404 2252; x_wconf 91' lang='lat' dir='ltr'><strong>ortus</strong></span> <span class='ocrx_word' id='word_1_153' title='bbox 1439 2205 1726 2267; x_wconf 70' lang='lat' dir='ltr'><strong>postremae</strong></span> <span class='ocrx_word' id='word_1_154' title='bbox 1767 2199 1834 2253; x_wconf 94' lang='lat' dir='ltr'><strong>ad</strong></span> <span class='ocrx_word' id='word_1_155' title='bbox 1866 2201 2130 2256; x_wconf 91' lang='lat' dir='ltr'><strong>orientem</strong></span> 
     </span>
    </p>
   </div>
   <div class='ocr_carea' id='block_1_24' title="bbox 559 2289 2131 2363">
    <p class='ocr_par' dir='ltr' id='par_1_24' title="bbox 559 2289 2131 2363">
     <span class='ocr_line' id='line_1_24' title="bbox 559 2289 2131 2363; baseline 0.001 -16"><span class='ocrx_word' id='word_1_156' title='bbox 559 2295 801 2350; x_wconf 86' lang='lat' dir='ltr'><strong>heliacus</strong></span> <span class='ocrx_word' id='word_1_157' title='bbox 833 2294 886 2346; x_wconf 92' lang='lat' dir='ltr'><strong>in</strong></span> <span class='ocrx_word' id='word_1_158' title='bbox 917 2291 1140 2363; x_wconf 87' lang='lat' dir='ltr'><strong>gradum</strong></span> <span class='ocrx_word' id='word_1_159' title='bbox 1172 2289 1338 2345; x_wconf 89' lang='lat' dir='ltr'><strong>Tauri</strong></span> <span class='ocrx_word' id='word_1_160' title='bbox 1378 2290 1450 2346; x_wconf 72' lang='lat'><strong>25</strong></span> <span class='ocrx_word' id='word_1_161' title='bbox 1489 2308 1502 2344; x_wconf 93' lang='lat'>:</span> <span class='ocrx_word' id='word_1_162' title='bbox 1537 2291 1883 2346; x_wconf 88' lang='lat' dir='ltr'><strong>intervallum</strong></span> <span class='ocrx_word' id='word_1_163' title='bbox 1921 2293 2131 2348; x_wconf 90' lang='lat' dir='ltr'><strong>dierum</strong></span> 
     </span>
    </p>
   </div>
   <div class='ocr_carea' id='block_1_25' title="bbox 559 2378 2130 2450">
    <p class='ocr_par' dir='ltr' id='par_1_25' title="bbox 559 2378 2130 2450">
     <span class='ocr_line' id='line_1_25' title="bbox 559 2378 2130 2450; baseline 0.001 -12"><span class='ocrx_word' id='word_1_164' title='bbox 559 2398 692 2440; x_wconf 78' lang='lat' dir='ltr'><strong>xui.</strong></span> <span class='ocrx_word' id='word_1_165' title='bbox 752 2380 843 2436; x_wconf 88' lang='lat' dir='ltr'><strong>Sic</strong></span> <span class='ocrx_word' id='word_1_166' title='bbox 896 2381 952 2438; x_wconf 91' lang='lat' dir='ltr'><strong>in</strong></span> <span class='ocrx_word' id='word_1_167' title='bbox 1006 2396 1111 2434; x_wconf 92' lang='lat' dir='ltr'><strong>una</strong></span> <span class='ocrx_word' id='word_1_168' title='bbox 1159 2379 1338 2434; x_wconf 90' lang='lat' dir='ltr'><strong>lucida</strong></span> <span class='ocrx_word' id='word_1_169' title='bbox 1382 2378 1749 2450; x_wconf 73' lang='lat' dir='ltr'><strong>Vergiliarum</strong></span> <span class='ocrx_word' id='word_1_170' title='bbox 1787 2381 1972 2439; x_wconf 71' lang='lat' dir='ltr'><strong>Roma:</strong></span> <span class='ocrx_word' id='word_1_171' title='bbox 2001 2383 2130 2439; x_wconf 85' lang='lat' dir='ltr'><strong>Julii</strong></span> 
     </span>
    </p>
   </div>
   <div class='ocr_carea' id='block_1_26' title="bbox 560 2477 2132 2547">
    <p class='ocr_par' dir='ltr' id='par_1_26' title="bbox 560 2477 2132 2547">
     <span class='ocr_line' id='line_1_26' title="bbox 560 2477 2132 2547; baseline 0.003 -15"><span class='ocrx_word' id='word_1_172' title='bbox 560 2479 792 2534; x_wconf 74' lang='lat' dir='ltr'><strong>Caesaris</strong></span> <span class='ocrx_word' id='word_1_173' title='bbox 849 2487 1090 2547; x_wconf 88' lang='lat' dir='ltr'><strong>tempore</strong></span> <span class='ocrx_word' id='word_1_174' title='bbox 1131 2477 1367 2546; x_wconf 91' lang='lat' dir='ltr'><strong>idipsum</strong></span> <span class='ocrx_word' id='word_1_175' title='bbox 1417 2477 1660 2547; x_wconf 88' lang='lat' dir='ltr'><strong>reperies</strong></span> <span class='ocrx_word' id='word_1_176' title='bbox 1694 2492 1706 2525; x_wconf 86' lang='lat'>:</span> <span class='ocrx_word' id='word_1_177' title='bbox 1735 2492 1859 2531; x_wconf 92' lang='lat' dir='ltr'><strong>nam</strong></span> <span class='ocrx_word' id='word_1_178' title='bbox 1901 2494 2132 2536; x_wconf 87' lang='lat' dir='ltr'><strong>occasus</strong></span> 
     </span>
    </p>
   </div>
   <div class='ocr_carea' id='block_1_27' title="bbox 561 2568 2133 2638">
    <p class='ocr_par' dir='ltr' id='par_1_27' title="bbox 561 2568 2133 2638">
     <span class='ocr_line' id='line_1_27' title="bbox 561 2568 2133 2638; baseline -0.001 -11"><span class='ocrx_word' id='word_1_179' title='bbox 561 2571 804 2627; x_wconf 88' lang='lat' dir='ltr'><strong>heliacus</strong></span> <span class='ocrx_word' id='word_1_180' title='bbox 853 2568 909 2623; x_wconf 92' lang='lat' dir='ltr'><strong>in</strong></span> <span class='ocrx_word' id='word_1_181' title='bbox 966 2568 1135 2638; x_wconf 89' lang='lat' dir='ltr'><strong>gradu</strong></span> <span class='ocrx_word' id='word_1_182' title='bbox 1184 2568 1385 2623; x_wconf 87' lang='lat' dir='ltr'><strong>Arietis</strong></span> <span class='ocrx_word' id='word_1_183' title='bbox 1426 2568 1514 2633; x_wconf 88' lang='lat' dir='ltr'><strong>I8,</strong></span> <span class='ocrx_word' id='word_1_184' title='bbox 1549 2575 1702 2623; x_wconf 90' lang='lat' dir='ltr'><strong>ortus</strong></span> <span class='ocrx_word' id='word_1_185' title='bbox 1756 2569 1811 2622; x_wconf 93' lang='lat' dir='ltr'><strong>in</strong></span> <span class='ocrx_word' id='word_1_186' title='bbox 1859 2569 2024 2625; x_wconf 87' lang='lat' dir='ltr'><strong>Tauri</strong></span> <span class='ocrx_word' id='word_1_187' title='bbox 2063 2572 2133 2627; x_wconf 87' lang='lat'><strong>&#39;50</strong></span> 
     </span>
    </p>
   </div>
   <div class='ocr_carea' id='block_1_28' title="bbox 564 2659 2134 2718">
    <p class='ocr_par' dir='ltr' id='par_1_28' title="bbox 564 2659 2134 2718">
     <span class='ocr_line' id='line_1_28' title="bbox 564 2659 2134 2718; baseline 0.001 -4"><span class='ocrx_word' id='word_1_188' title='bbox 564 2662 749 2718; x_wconf 88' lang='lat' dir='ltr'><strong>factus</strong></span> <span class='ocrx_word' id='word_1_189' title='bbox 777 2669 897 2716; x_wconf 89' lang='lat' dir='ltr'><strong>est:</strong></span> <span class='ocrx_word' id='word_1_190' title='bbox 929 2660 1224 2714; x_wconf 90' lang='lat' dir='ltr'><strong>discrimen</strong></span> <span class='ocrx_word' id='word_1_191' title='bbox 1275 2659 1485 2714; x_wconf 90' lang='lat' dir='ltr'><strong>dierum</strong></span> <span class='ocrx_word' id='word_1_192' title='bbox 1518 2674 1650 2715; x_wconf 71' lang='lat' dir='ltr'><strong>XLII.</strong></span> <span class='ocrx_word' id='word_1_193' title='bbox 1694 2659 1966 2716; x_wconf 62' lang='lat' dir='ltr'><strong>Ptolemaei</strong></span> <span class='ocrx_word' id='word_1_194' title='bbox 2000 2663 2134 2718; x_wconf 88' lang='lat' dir='ltr'><strong>liber</strong></span> 
     </span>
    </p>
   </div>
   <div class='ocr_carea' id='block_1_29' title="bbox 565 2751 2134 2824">
    <p class='ocr_par' dir='ltr' id='par_1_29' title="bbox 565 2751 2134 2824">
     <span class='ocr_line' id='line_1_29' title="bbox 565 2751 2134 2824; baseline -0.001 -16"><span class='ocrx_word' id='word_1_195' title='bbox 565 2755 799 2808; x_wconf 89' lang='lat' dir='ltr'><strong>Latinus</strong></span> <span class='ocrx_word' id='word_1_196' title='bbox 832 2753 1036 2823; x_wconf 89' lang='lat' dir='ltr'><strong>Aprilis</strong></span> <span class='ocrx_word' id='word_1_197' title='bbox 1074 2767 1133 2805; x_wconf 86' lang='grc' dir='ltr'><strong>ιιι</strong></span> <span class='ocrx_word' id='word_1_198' title='bbox 1165 2751 1392 2805; x_wconf 85' lang='lat' dir='ltr'><strong>ascribit</strong></span> <span class='ocrx_word' id='word_1_199' title='bbox 1435 2765 1693 2806; x_wconf 87' lang='lat' dir='ltr'><strong>occasum</strong></span> <span class='ocrx_word' id='word_1_200' title='bbox 1763 2754 2134 2824; x_wconf 90' lang='lat' dir='ltr'><strong>vespertinum</strong></span> 
     </span>
    </p>
   </div>
   <div class='ocr_carea' id='block_1_30' title="bbox 563 2841 2136 2915">
    <p class='ocr_par' dir='ltr' id='par_1_30' title="bbox 563 2841 2136 2915">
     <span class='ocr_line' id='line_1_30' title="bbox 563 2841 2136 2915; baseline 0.001 -19"><span class='ocrx_word' id='word_1_201' title='bbox 563 2842 929 2915; x_wconf 76' lang='lat' dir='ltr'><strong>Vergiliarum</strong></span> <span class='ocrx_word' id='word_1_202' title='bbox 965 2843 1097 2912; x_wconf 89' lang='lat' dir='ltr'><strong>:qni</strong></span> <span class='ocrx_word' id='word_1_203' title='bbox 1155 2841 1273 2896; x_wconf 90' lang='lat' dir='ltr'><strong>dies</strong></span> <span class='ocrx_word' id='word_1_204' title='bbox 1300 2851 1384 2897; x_wconf 88' lang='lat' dir='ltr'><strong>est</strong></span> <span class='ocrx_word' id='word_1_205' title='bbox 1429 2841 1674 2897; x_wconf 89' lang='lat' dir='ltr'><strong>decimus</strong></span> <span class='ocrx_word' id='word_1_206' title='bbox 1717 2859 1894 2898; x_wconf 92' lang='lat' dir='ltr'><strong>nonus</strong></span> <span class='ocrx_word' id='word_1_207' title='bbox 1935 2859 1964 2897; x_wconf 93' lang='lat' dir='ltr'><strong>a</strong></span> <span class='ocrx_word' id='word_1_208' title='bbox 1999 2843 2136 2898; x_wconf 89' lang='lat' dir='ltr'><strong>falso</strong></span> 
     </span>
    </p>
   </div>
   <div class='ocr_carea' id='block_1_31' title="bbox 565 2928 2136 3004">
    <p class='ocr_par' dir='ltr' id='par_1_31' title="bbox 565 2928 2136 3004">
     <span class='ocr_line' id='line_1_31' title="bbox 565 2928 2136 3004; baseline -0.001 -16"><span class='ocrx_word' id='word_1_209' title='bbox 565 2949 727 3004; x_wconf 90' lang='lat' dir='ltr'><strong>quem</strong></span> <span class='ocrx_word' id='word_1_210' title='bbox 785 2928 995 3003; x_wconf 78' lang='lat' dir='ltr'><strong>putavit</strong></span> <span class='ocrx_word' id='word_1_211' title='bbox 1059 2931 1259 2986; x_wconf 87' lang='lat' dir='ltr'><strong>Arietis</strong></span> <span class='ocrx_word' id='word_1_212' title='bbox 1315 2930 1587 3001; x_wconf 85' lang='lat' dir='ltr'><strong>ingressu.</strong></span> <span class='ocrx_word' id='word_1_213' title='bbox 1654 2929 1880 2987; x_wconf 90' lang='lat' dir='ltr'><strong>Ovidius</strong></span> <span class='ocrx_word' id='word_1_214' title='bbox 1936 2933 2136 3002; x_wconf 89' lang='lat' dir='ltr'><strong>Aprilis</strong></span> 
     </span>
    </p>
   </div>
   <div class='ocr_carea' id='block_1_32' title="bbox 567 3021 2135 3093">
    <p class='ocr_par' dir='ltr' id='par_1_32' title="bbox 567 3021 2135 3093">
     <span class='ocr_line' id='line_1_32' title="bbox 567 3021 2135 3093; baseline 0 -14"><span class='ocrx_word' id='word_1_215' title='bbox 567 3021 807 3080; x_wconf 90' lang='lat' dir='ltr'><strong>secundo</strong></span> <span class='ocrx_word' id='word_1_216' title='bbox 868 3022 1082 3093; x_wconf 87' lang='lat' dir='ltr'><strong>posuit:</strong></span> <span class='ocrx_word' id='word_1_217' title='bbox 1117 3023 1210 3091; x_wconf 88' lang='lat' dir='ltr'><strong>qui</strong></span> <span class='ocrx_word' id='word_1_218' title='bbox 1237 3029 1290 3076; x_wconf 93' lang='lat' dir='ltr'><strong>et</strong></span> <span class='ocrx_word' id='word_1_219' title='bbox 1332 3022 1533 3078; x_wconf 85' lang='lat' dir='ltr'><strong>Arietis</strong></span> <span class='ocrx_word' id='word_1_220' title='bbox 1563 3023 1782 3076; x_wconf 85' lang='lat' dir='ltr'><strong>initium</strong></span> <span class='ocrx_word' id='word_1_221' title='bbox 1818 3023 2032 3079; x_wconf 82' lang='lat' dir='ltr'><strong>confert</strong></span> <span class='ocrx_word' id='word_1_222' title='bbox 2079 3025 2135 3079; x_wconf 92' lang='lat' dir='ltr'><strong>in</strong></span> 
     </span>
    </p>
   </div>
   <div class='ocr_carea' id='block_1_33' title="bbox 2218 546 3841 623">
    <p class='ocr_par' dir='ltr' id='par_1_33' title="bbox 2218 546 3841 623">
     <span class='ocr_line' id='line_1_33' title="bbox 2218 546 3841 623; baseline -0.01 -9"><span class='ocrx_word' id='word_1_223' title='bbox 2218 562 2420 616; x_wconf 87' lang='lat' dir='ltr'><strong>cubare</strong></span> <span class='ocrx_word' id='word_1_224' title='bbox 2449 557 2518 612; x_wconf 89' lang='lat' dir='ltr'><strong>ad</strong></span> <span class='ocrx_word' id='word_1_225' title='bbox 2552 555 2891 611; x_wconf 88' lang='lat' dir='ltr'><strong>altitudinem</strong></span> <span class='ocrx_word' id='word_1_226' title='bbox 2939 552 3175 623; x_wconf 89' lang='lat' dir='ltr'><strong>partium</strong></span> <span class='ocrx_word' id='word_1_227' title='bbox 3204 549 3424 605; x_wconf 89' lang='lat' dir='ltr'><strong>circiter</strong></span> <span class='ocrx_word' id='word_1_228' title='bbox 3463 547 3559 613; x_wconf 82' lang='grc'><strong>17,</strong></span> <span class='ocrx_word' id='word_1_229' title='bbox 3585 554 3702 601; x_wconf 81' lang='lat' dir='ltr'><strong>aut</strong></span> <span class='ocrx_word' id='word_1_230' title='bbox 3731 546 3841 606; x_wconf 78' lang='grc'><strong>18,</strong></span> 
     </span>
    </p>
   </div>
   <div class='ocr_carea' id='block_1_34' title="bbox 2215 641 3842 716">
    <p class='ocr_par' dir='ltr' id='par_1_34' title="bbox 2215 641 3842 716">
     <span class='ocr_line' id='line_1_34' title="bbox 2215 641 3842 716; baseline -0.009 -10"><span class='ocrx_word' id='word_1_231' title='bbox 2215 651 2444 706; x_wconf 90' lang='lat' dir='ltr'><strong>densum</strong></span> <span class='ocrx_word' id='word_1_232' title='bbox 2501 649 2660 713; x_wconf 90' lang='lat' dir='ltr'><strong>adeo,</strong></span> <span class='ocrx_word' id='word_1_233' title='bbox 2696 655 2756 701; x_wconf 94' lang='lat' dir='ltr'><strong>ut</strong></span> <span class='ocrx_word' id='word_1_234' title='bbox 2788 661 2883 716; x_wconf 89' lang='lat' dir='ltr'><strong>per</strong></span> <span class='ocrx_word' id='word_1_235' title='bbox 2913 645 3062 698; x_wconf 90' lang='lat' dir='ltr'><strong>illum</strong></span> <span class='ocrx_word' id='word_1_236' title='bbox 3089 643 3320 712; x_wconf 84' lang='lat' dir='ltr'><strong>majores</strong></span> <span class='ocrx_word' id='word_1_237' title='bbox 3345 641 3520 697; x_wconf 56' lang='lat' dir='ltr'><strong>stellas</strong></span> <span class='ocrx_word' id='word_1_238' title='bbox 3547 655 3681 694; x_wconf 92' lang='lat' dir='ltr'><strong>non</strong></span> <span class='ocrx_word' id='word_1_239' title='bbox 3708 646 3842 692; x_wconf 76' lang='lat' dir='ltr'><strong>tra-</strong></span> 
     </span>
    </p>
   </div>
   <div class='ocr_carea' id='block_1_35' title="bbox 2216 729 3844 806">
    <p class='ocr_par' dir='ltr' id='par_1_35' title="bbox 2216 729 3844 806">
     <span class='ocr_line' id='line_1_35' title="bbox 2216 729 3844 806; baseline -0.007 -12"><span class='ocrx_word' id='word_1_240' title='bbox 2216 742 2469 803; x_wconf 90' lang='lat' dir='ltr'><strong>Iuceant,</strong></span> <span class='ocrx_word' id='word_1_241' title='bbox 2532 737 2638 792; x_wconf 92' lang='lat' dir='ltr'><strong>nisi</strong></span> <span class='ocrx_word' id='word_1_242' title='bbox 2677 750 2843 806; x_wconf 89' lang='lat' dir='ltr'><strong>supra</strong></span> <span class='ocrx_word' id='word_1_243' title='bbox 2902 733 3241 788; x_wconf 84' lang='lat' dir='ltr'><strong>horizontem</strong></span> <span class='ocrx_word' id='word_1_244' title='bbox 3281 731 3544 801; x_wconf 76' lang='lat' dir='ltr'><strong>gradibus</strong></span> <span class='ocrx_word' id='word_1_245' title='bbox 3592 729 3844 798; x_wconf 69' lang='lat' dir='ltr'><strong>aliquot</strong></span> 
     </span>
    </p>
   </div>
   <div class='ocr_carea' id='block_1_36' title="bbox 2219 817 3843 893">
    <p class='ocr_par' dir='ltr' id='par_1_36' title="bbox 2219 817 3843 893">
     <span class='ocr_line' id='line_1_36' title="bbox 2219 817 3843 893; baseline -0.008 -9"><span class='ocrx_word' id='word_1_246' title='bbox 2219 830 2565 893; x_wconf 82' lang='lat' dir='ltr'><strong>exstiterint;</strong></span> <span class='ocrx_word' id='word_1_247' title='bbox 2602 825 2851 881; x_wconf 87' lang='lat' dir='ltr'><strong>Pleiades</strong></span> <span class='ocrx_word' id='word_1_248' title='bbox 2881 838 3011 878; x_wconf 88' lang='lat' dir='ltr'><strong>vero</strong></span> <span class='ocrx_word' id='word_1_249' title='bbox 3057 823 3113 876; x_wconf 92' lang='lat' dir='ltr'><strong>in</strong></span> <span class='ocrx_word' id='word_1_250' title='bbox 3155 822 3274 890; x_wconf 91' lang='lat' dir='ltr'><strong>ipso</strong></span> <span class='ocrx_word' id='word_1_251' title='bbox 3321 819 3497 891; x_wconf 87' lang='lat' dir='ltr'><strong>gradu</strong></span> <span class='ocrx_word' id='word_1_252' title='bbox 3539 817 3618 873; x_wconf 82' lang='lat' dir='ltr'><strong>I7</strong></span> <span class='ocrx_word' id='word_1_253' title='bbox 3674 831 3843 886; x_wconf 71' lang='lat' dir='ltr'><strong>saepe</strong></span> 
     </span>
    </p>
   </div>
   <div class='ocr_carea' id='block_1_37' title="bbox 2219 913 3840 992">
    <p class='ocr_par' dir='ltr' id='par_1_37' title="bbox 2219 913 3840 992">
     <span class='ocr_line' id='line_1_37' title="bbox 2219 913 3840 992; baseline -0.01 -12"><span class='ocrx_word' id='word_1_254' title='bbox 2219 927 2544 982; x_wconf 80' lang='lat' dir='ltr'><strong>delitescant</strong></span> <span class='ocrx_word' id='word_1_255' title='bbox 2576 941 2588 975; x_wconf 90' lang='lat'>:</span> <span class='ocrx_word' id='word_1_256' title='bbox 2619 921 2765 992; x_wconf 92' lang='lat' dir='ltr'><strong>quod</strong></span> <span class='ocrx_word' id='word_1_257' title='bbox 2822 927 3086 973; x_wconf 89' lang='lat' dir='ltr'><strong>autumno</strong></span> <span class='ocrx_word' id='word_1_258' title='bbox 3133 932 3244 970; x_wconf 91' lang='lat' dir='ltr'><strong>non</strong></span> <span class='ocrx_word' id='word_1_259' title='bbox 3283 915 3450 970; x_wconf 90' lang='lat' dir='ltr'><strong>semel</strong></span> <span class='ocrx_word' id='word_1_260' title='bbox 3510 929 3572 969; x_wconf 89' lang='lat' dir='ltr'><strong>se</strong></span> <span class='ocrx_word' id='word_1_261' title='bbox 3613 913 3840 966; x_wconf 87' lang='lat' dir='ltr'><strong>obser—</strong></span> 
     </span>
    </p>
   </div>
   <div class='ocr_carea' id='block_1_38' title="bbox 2219 1003 3837 1080">
    <p class='ocr_par' dir='ltr' id='par_1_38' title="bbox 2219 1003 3837 1080">
     <span class='ocr_line' id='line_1_38' title="bbox 2219 1003 3837 1080; baseline -0.012 -7"><span class='ocrx_word' id='word_1_262' title='bbox 2219 1034 2378 1073; x_wconf 86' lang='lat' dir='ltr'><strong>vasse</strong></span> <span class='ocrx_word' id='word_1_263' title='bbox 2391 1017 2696 1070; x_wconf 91' lang='lat' dir='ltr'><strong>conlirmat.</strong></span> <span class='ocrx_word' id='word_1_264' title='bbox 2722 1014 2802 1066; x_wconf 82' lang='lat' dir='ltr'><strong>Ex</strong></span> <span class='ocrx_word' id='word_1_265' title='bbox 2824 1025 2933 1080; x_wconf 92' lang='lat' dir='ltr'><strong>quo</strong></span> <span class='ocrx_word' id='word_1_266' title='bbox 2959 1024 3097 1063; x_wconf 87' lang='lat' dir='ltr'><strong>nova</strong></span> <span class='ocrx_word' id='word_1_267' title='bbox 3117 1006 3349 1078; x_wconf 90' lang='lat' dir='ltr'><strong>quadam</strong></span> <span class='ocrx_word' id='word_1_268' title='bbox 3383 1005 3615 1059; x_wconf 87' lang='lat' dir='ltr'><strong>ratione</strong></span> <span class='ocrx_word' id='word_1_269' title='bbox 3652 1003 3837 1064; x_wconf 85' lang='lat' dir='ltr'><strong>oriri,</strong></span> 
     </span>
    </p>
   </div>
   <div class='ocr_carea' id='block_1_39' title="bbox 2220 1098 3840 1170">
    <p class='ocr_par' dir='ltr' id='par_1_39' title="bbox 2220 1098 3840 1170">
     <span class='ocr_line' id='line_1_39' title="bbox 2220 1098 3840 1170; baseline -0.01 -6"><span class='ocrx_word' id='word_1_270' title='bbox 2220 1110 2306 1164; x_wconf 87' lang='lat' dir='ltr'><strong>vel</strong></span> <span class='ocrx_word' id='word_1_271' title='bbox 2338 1108 2589 1163; x_wconf 83' lang='lat' dir='ltr'><strong>occidere</strong></span> <span class='ocrx_word' id='word_1_272' title='bbox 2632 1106 2788 1160; x_wconf 88' lang='lat' dir='ltr'><strong>stella</strong></span> <span class='ocrx_word' id='word_1_273' title='bbox 2839 1104 3061 1166; x_wconf 88' lang='lat' dir='ltr'><strong>dicitur,</strong></span> <span class='ocrx_word' id='word_1_274' title='bbox 3106 1099 3322 1170; x_wconf 90' lang='lat' dir='ltr'><strong>quando</strong></span> <span class='ocrx_word' id='word_1_275' title='bbox 3352 1115 3420 1152; x_wconf 89' lang='lat' dir='ltr'><strong>ex</strong></span> <span class='ocrx_word' id='word_1_276' title='bbox 3466 1098 3564 1151; x_wconf 92' lang='lat' dir='ltr'><strong>illo</strong></span> <span class='ocrx_word' id='word_1_277' title='bbox 3607 1110 3840 1165; x_wconf 77' lang='lat' dir='ltr'><strong>vapore</strong></span> 
     </span>
    </p>
   </div>
   <div class='ocr_carea' id='block_1_40' title="bbox 2224 1188 3837 1272">
    <p class='ocr_par' dir='ltr' id='par_1_40' title="bbox 2224 1188 3837 1272">
     <span class='ocr_line' id='line_1_40' title="bbox 2224 1188 3837 1272; baseline -0.009 -17"><span class='ocrx_word' id='word_1_278' title='bbox 2224 1201 2476 1272; x_wconf 87' lang='lat' dir='ltr'><strong>primitus</strong></span> <span class='ocrx_word' id='word_1_279' title='bbox 2502 1198 2748 1268; x_wconf 83' lang='lat' dir='ltr'><strong>emergit,</strong></span> <span class='ocrx_word' id='word_1_280' title='bbox 2787 1203 2880 1250; x_wconf 91' lang='lat' dir='ltr'><strong>aut</strong></span> <span class='ocrx_word' id='word_1_281' title='bbox 2907 1197 2960 1249; x_wconf 91' lang='lat' dir='ltr'><strong>in</strong></span> <span class='ocrx_word' id='word_1_282' title='bbox 2987 1209 3111 1248; x_wconf 92' lang='lat' dir='ltr'><strong>eum</strong></span> <span class='ocrx_word' id='word_1_283' title='bbox 3143 1191 3414 1246; x_wconf 87' lang='lat' dir='ltr'><strong>conditur.</strong></span> <span class='ocrx_word' id='word_1_284' title='bbox 3447 1188 3552 1243; x_wconf 84' lang='lat' dir='ltr'><strong>His</strong></span> <span class='ocrx_word' id='word_1_285' title='bbox 3574 1205 3658 1244; x_wconf 83' lang='lat' dir='ltr'><strong>ex</strong></span> <span class='ocrx_word' id='word_1_286' title='bbox 3685 1204 3837 1241; x_wconf 82' lang='lat' dir='ltr'><strong>cau-</strong></span> 
     </span>
    </p>
   </div>
   <div class='ocr_carea' id='block_1_41' title="bbox 2227 1281 3838 1362">
    <p class='ocr_par' dir='ltr' id='par_1_41' title="bbox 2227 1281 3838 1362">
     <span class='ocr_line' id='line_1_41' title="bbox 2227 1281 3838 1362; baseline -0.011 -14"><span class='ocrx_word' id='word_1_287' title='bbox 2227 1295 2305 1348; x_wconf 88' lang='lat' dir='ltr'><strong>sis</strong></span> <span class='ocrx_word' id='word_1_288' title='bbox 2337 1292 2671 1362; x_wconf 90' lang='lat' dir='ltr'><strong>scriptorum</strong></span> <span class='ocrx_word' id='word_1_289' title='bbox 2708 1290 2800 1342; x_wconf 87' lang='lat' dir='ltr'><strong>illa</strong></span> <span class='ocrx_word' id='word_1_290' title='bbox 2818 1287 3055 1340; x_wconf 89' lang='lat' dir='ltr'><strong>varietas</strong></span> <span class='ocrx_word' id='word_1_291' title='bbox 3078 1286 3132 1338; x_wconf 90' lang='lat' dir='ltr'><strong>in</strong></span> <span class='ocrx_word' id='word_1_292' title='bbox 3149 1281 3486 1352; x_wconf 86' lang='lat' dir='ltr'><strong>designando</strong></span> <span class='ocrx_word' id='word_1_293' title='bbox 3517 1281 3838 1335; x_wconf 85' lang='lat' dir='ltr'><strong>stellarum</strong></span> 
     </span>
    </p>
   </div>
   <div class='ocr_carea' id='block_1_42' title="bbox 2229 1371 3841 1451">
    <p class='ocr_par' dir='ltr' id='par_1_42' title="bbox 2229 1371 3841 1451">
     <span class='ocr_line' id='line_1_42' title="bbox 2229 1371 3841 1451; baseline -0.01 -14"><span class='ocrx_word' id='word_1_294' title='bbox 2229 1394 2377 1447; x_wconf 82' lang='lat' dir='ltr'><strong>ortu,</strong></span> <span class='ocrx_word' id='word_1_295' title='bbox 2411 1397 2720 1451; x_wconf 90' lang='lat' dir='ltr'><strong>occasuque</strong></span> <span class='ocrx_word' id='word_1_296' title='bbox 2756 1380 2974 1450; x_wconf 86' lang='lat' dir='ltr'><strong>petitur.</strong></span> <span class='ocrx_word' id='word_1_297' title='bbox 3004 1375 3136 1429; x_wconf 75' lang='lat' dir='ltr'><strong>Nam</strong></span> <span class='ocrx_word' id='word_1_298' title='bbox 3166 1375 3230 1428; x_wconf 91' lang='lat' dir='ltr'><strong>ad</strong></span> <span class='ocrx_word' id='word_1_299' title='bbox 3261 1373 3446 1442; x_wconf 80' lang='lat' dir='ltr'><strong>viginti</strong></span> <span class='ocrx_word' id='word_1_300' title='bbox 3477 1371 3605 1425; x_wconf 90' lang='lat' dir='ltr'><strong>dies</strong></span> <span class='ocrx_word' id='word_1_301' title='bbox 3643 1383 3841 1439; x_wconf 84' lang='lat' dir='ltr'><strong>usque</strong></span> 
     </span>
    </p>
   </div>
   <div class='ocr_carea' id='block_1_43' title="bbox 2227 1461 3839 1545">
    <p class='ocr_par' dir='ltr' id='par_1_43' title="bbox 2227 1461 3839 1545">
     <span class='ocr_line' id='line_1_43' title="bbox 2227 1461 3839 1545; baseline -0.009 -16"><span class='ocrx_word' id='word_1_302' title='bbox 2227 1481 2352 1545; x_wconf 90' lang='lat' dir='ltr'><strong>post</strong></span> <span class='ocrx_word' id='word_1_303' title='bbox 2395 1487 2576 1538; x_wconf 87' lang='lat' dir='ltr'><strong>veros,</strong></span> <span class='ocrx_word' id='word_1_304' title='bbox 2633 1476 2955 1540; x_wconf 85' lang='lat' dir='ltr'><strong>apparentes</strong></span> <span class='ocrx_word' id='word_1_305' title='bbox 2986 1467 3074 1521; x_wconf 90' lang='lat' dir='ltr'><strong>isti</strong></span> <span class='ocrx_word' id='word_1_306' title='bbox 3107 1471 3261 1519; x_wconf 92' lang='lat' dir='ltr'><strong>ortus</strong></span> <span class='ocrx_word' id='word_1_307' title='bbox 3309 1461 3839 1531; x_wconf 81' lang='lat' dir='ltr'><strong>immersionesque</strong></span> 
     </span>
    </p>
   </div>
   <div class='ocr_carea' id='block_1_44' title="bbox 2228 1567 2574 1637">
    <p class='ocr_par' dir='ltr' id='par_1_44' title="bbox 2228 1567 2574 1637">
     <span class='ocr_line' id='line_1_44' title="bbox 2228 1567 2574 1637; baseline -0.012 -15"><span class='ocrx_word' id='word_1_308' title='bbox 2228 1567 2574 1637; x_wconf 86' lang='lat' dir='ltr'><strong>contingunt.</strong></span> 
     </span>
    </p>
   </div>
   <div class='ocr_carea' id='block_1_45' title="bbox 2837 1670 3180 1728">
    <p class='ocr_par' dir='ltr' id='par_1_45' title="bbox 2837 1670 3180 1728">
     <span class='ocr_line' id='line_1_45' title="bbox 2837 1670 3180 1728; baseline -0.012 0"><span class='ocrx_word' id='word_1_309' title='bbox 2837 1670 3068 1728; x_wconf 76' lang='lat' dir='ltr'><strong>CAPUT</strong></span> <span class='ocrx_word' id='word_1_310' title='bbox 3112 1670 3180 1725; x_wconf 77' lang='grc' dir='ltr'>Χ.</span> 
     </span>
    </p>
   </div>
   <div class='ocr_carea' id='block_1_46' title="bbox 2232 1761 3836 1841">
    <p class='ocr_par' dir='ltr' id='par_1_46' title="bbox 2232 1761 3836 1841">
     <span class='ocr_line' id='line_1_46' title="bbox 2232 1761 3836 1841; baseline -0.007 -15"><span class='ocrx_word' id='word_1_311' title='bbox 2232 1771 2308 1826; x_wconf 89' lang='lat' dir='ltr'><strong>De</strong></span> <span class='ocrx_word' id='word_1_312' title='bbox 2339 1770 2590 1841; x_wconf 76' lang='lat' dir='ltr'><strong>bipertita</strong></span> <span class='ocrx_word' id='word_1_313' title='bbox 2626 1768 2752 1822; x_wconf 86' lang='lat' dir='ltr'><strong>anni</strong></span> <span class='ocrx_word' id='word_1_314' title='bbox 2806 1768 3050 1841; x_wconf 73' lang='lat' dir='ltr'><strong>sectione,</strong></span> <span class='ocrx_word' id='word_1_315' title='bbox 3101 1778 3257 1834; x_wconf 87' lang='lat' dir='ltr'><strong>quam</strong></span> <span class='ocrx_word' id='word_1_316' title='bbox 3293 1762 3540 1832; x_wconf 78' lang='lat' dir='ltr'><strong>Vergiliis</strong></span> <span class='ocrx_word' id='word_1_317' title='bbox 3573 1761 3836 1831; x_wconf 72' lang='lat' dir='ltr'><strong>plerique</strong></span> 
     </span>
    </p>
   </div>
   <div class='ocr_carea' id='block_1_47' title="bbox 2891 1835 3150 1890">
    <p class='ocr_par' dir='ltr' id='par_1_47' title="bbox 2891 1835 3150 1890">
     <span class='ocr_line' id='line_1_47' title="bbox 2891 1835 3150 1890; baseline -0.015 0"><span class='ocrx_word' id='word_1_318' title='bbox 2891 1835 3150 1890; x_wconf 80' lang='lat' dir='ltr'><strong>tribuunt.</strong></span> 
     </span>
    </p>
   </div>
   <div class='ocr_carea' id='block_1_48' title="bbox 2300 1922 3838 1998">
    <p class='ocr_par' dir='ltr' id='par_1_48' title="bbox 2300 1922 3838 1998">
     <span class='ocr_line' id='line_1_48' title="bbox 2300 1922 3838 1998; baseline -0.008 -10"><span class='ocrx_word' id='word_1_319' title='bbox 2300 1933 2544 1988; x_wconf 90' lang='lat' dir='ltr'><strong>Illustres</strong></span> <span class='ocrx_word' id='word_1_320' title='bbox 2573 1932 2629 1986; x_wconf 90' lang='lat' dir='ltr'><strong>in</strong></span> <span class='ocrx_word' id='word_1_321' title='bbox 2659 1931 2799 1986; x_wconf 71' lang='lat' dir='ltr'><strong>cmlo</strong></span> <span class='ocrx_word' id='word_1_322' title='bbox 2823 1927 3090 1998; x_wconf 81' lang='lat' dir='ltr'><strong>Vergilias</strong></span> <span class='ocrx_word' id='word_1_323' title='bbox 3116 1941 3177 1981; x_wconf 89' lang='lat' dir='ltr'><strong>ea</strong></span> <span class='ocrx_word' id='word_1_324' title='bbox 3208 1941 3296 1979; x_wconf 90' lang='lat' dir='ltr'><strong>res</strong></span> <span class='ocrx_word' id='word_1_325' title='bbox 3330 1922 3705 1994; x_wconf 90' lang='lat' dir='ltr'><strong>potissimum</strong></span> <span class='ocrx_word' id='word_1_326' title='bbox 3761 1922 3838 1976; x_wconf 86' lang='lat' dir='ltr'><strong>fe-</strong></span> 
     </span>
    </p>
   </div>
   <div class='ocr_carea' id='block_1_49' title="bbox 2231 2020 3834 2096">
    <p class='ocr_par' dir='ltr' id='par_1_49' title="bbox 2231 2020 3834 2096">
     <span class='ocr_line' id='line_1_49' title="bbox 2231 2020 3834 2096; baseline -0.008 -14"><span class='ocrx_word' id='word_1_327' title='bbox 2231 2027 2326 2093; x_wconf 94' lang='lat' dir='ltr'><strong>cit,</strong></span> <span class='ocrx_word' id='word_1_328' title='bbox 2362 2026 2506 2096; x_wconf 91' lang='lat' dir='ltr'><strong>quod</strong></span> <span class='ocrx_word' id='word_1_329' title='bbox 2529 2039 2715 2080; x_wconf 90' lang='lat' dir='ltr'><strong>earum</strong></span> <span class='ocrx_word' id='word_1_330' title='bbox 2749 2020 3133 2076; x_wconf 85' lang='lat' dir='ltr'><strong>observatione</strong></span> <span class='ocrx_word' id='word_1_331' title='bbox 3173 2032 3381 2072; x_wconf 89' lang='lat' dir='ltr'><strong>annuas</strong></span> <span class='ocrx_word' id='word_1_332' title='bbox 3424 2022 3834 2084; x_wconf 85' lang='lat' dir='ltr'><strong>tempestates,</strong></span> 
     </span>
    </p>
   </div>
   <div class='ocr_carea' id='block_1_50' title="bbox 2231 2107 3840 2180">
    <p class='ocr_par' dir='ltr' id='par_1_50' title="bbox 2231 2107 3840 2180">
     <span class='ocr_line' id='line_1_50' title="bbox 2231 2107 3840 2180; baseline -0.009 -6"><span class='ocrx_word' id='word_1_333' title='bbox 2231 2130 2346 2174; x_wconf 92' lang='lat' dir='ltr'><strong>tum</strong></span> <span class='ocrx_word' id='word_1_334' title='bbox 2393 2117 2588 2173; x_wconf 89' lang='lat' dir='ltr'><strong>messis</strong></span> <span class='ocrx_word' id='word_1_335' title='bbox 2641 2129 2704 2169; x_wconf 91' lang='lat' dir='ltr'><strong>ac</strong></span> <span class='ocrx_word' id='word_1_336' title='bbox 2737 2111 2994 2170; x_wconf 90' lang='lat' dir='ltr'><strong>sementis</strong></span> <span class='ocrx_word' id='word_1_337' title='bbox 3026 2119 3267 2180; x_wconf 90' lang='lat' dir='ltr'><strong>tempora</strong></span> <span class='ocrx_word' id='word_1_338' title='bbox 3305 2107 3660 2179; x_wconf 80' lang='lat' dir='ltr'><strong>distinguere</strong></span> <span class='ocrx_word' id='word_1_339' title='bbox 3686 2123 3840 2160; x_wconf 82' lang='lat' dir='ltr'><strong>mor-</strong></span> 
     </span>
    </p>
   </div>
   <div class='ocr_carea' id='block_1_51' title="bbox 2231 2195 3831 2279">
    <p class='ocr_par' dir='ltr' id='par_1_51' title="bbox 2231 2195 3831 2279">
     <span class='ocr_line' id='line_1_51' title="bbox 2231 2195 3831 2279; baseline -0.011 -14"><span class='ocrx_word' id='word_1_340' title='bbox 2231 2211 2368 2265; x_wconf 85' lang='lat' dir='ltr'><strong>tales</strong></span> <span class='ocrx_word' id='word_1_341' title='bbox 2397 2207 2668 2279; x_wconf 89' lang='lat' dir='ltr'><strong>quondam</strong></span> <span class='ocrx_word' id='word_1_342' title='bbox 2689 2205 2946 2260; x_wconf 87' lang='lat' dir='ltr'><strong>solerent.</strong></span> <span class='ocrx_word' id='word_1_343' title='bbox 2967 2201 3174 2255; x_wconf 88' lang='lat' dir='ltr'><strong>Etenim</strong></span> <span class='ocrx_word' id='word_1_344' title='bbox 3203 2197 3505 2253; x_wconf 90' lang='lat' dir='ltr'><strong>matutinus</strong></span> <span class='ocrx_word' id='word_1_345' title='bbox 3523 2195 3831 2250; x_wconf 85' lang='lat' dir='ltr'><strong>Pleiadum</strong></span> 
     </span>
    </p>
   </div>
   <div class='ocr_carea' id='block_1_52' title="bbox 2231 2291 3834 2367">
    <p class='ocr_par' dir='ltr' id='par_1_52' title="bbox 2231 2291 3834 2367">
     <span class='ocr_line' id='line_1_52' title="bbox 2231 2291 3834 2367; baseline -0.009 -10"><span class='ocrx_word' id='word_1_346' title='bbox 2231 2309 2419 2365; x_wconf 89' lang='lat' dir='ltr'><strong>ortus,</strong></span> <span class='ocrx_word' id='word_1_347' title='bbox 2450 2309 2505 2356; x_wconf 91' lang='lat' dir='ltr'><strong>et</strong></span> <span class='ocrx_word' id='word_1_348' title='bbox 2534 2297 2776 2367; x_wconf 77' lang='grc' dir='ltr'><strong>ὲπιτολὴ,</strong></span> <span class='ocrx_word' id='word_1_349' title='bbox 2828 2310 2988 2366; x_wconf 88' lang='lat' dir='ltr'><strong>quem</strong></span> <span class='ocrx_word' id='word_1_350' title='bbox 3045 2293 3310 2347; x_wconf 86' lang='lat' dir='ltr'><strong>heliacum</strong></span> <span class='ocrx_word' id='word_1_351' title='bbox 3344 2299 3568 2354; x_wconf 86' lang='lat' dir='ltr'><strong>vocant,</strong></span> <span class='ocrx_word' id='word_1_352' title='bbox 3604 2291 3834 2344; x_wconf 63' lang='lat' dir='ltr'><strong>aestatis</strong></span> 
     </span>
    </p>
   </div>
   <div class='ocr_carea' id='block_1_53' title="bbox 2234 2382 3834 2453">
    <p class='ocr_par' dir='ltr' id='par_1_53' title="bbox 2234 2382 3834 2453">
     <span class='ocr_line' id='line_1_53' title="bbox 2234 2382 3834 2453; baseline -0.009 -4"><span class='ocrx_word' id='word_1_353' title='bbox 2234 2408 2299 2448; x_wconf 88' lang='lat' dir='ltr'><strong>ac</strong></span> <span class='ocrx_word' id='word_1_354' title='bbox 2346 2392 2543 2448; x_wconf 90' lang='lat' dir='ltr'><strong>messis</strong></span> <span class='ocrx_word' id='word_1_355' title='bbox 2595 2391 2809 2444; x_wconf 90' lang='lat' dir='ltr'><strong>initium</strong></span> <span class='ocrx_word' id='word_1_356' title='bbox 2843 2387 3042 2453; x_wconf 86' lang='lat' dir='ltr'><strong>dabat;</strong></span> <span class='ocrx_word' id='word_1_357' title='bbox 3074 2400 3303 2440; x_wconf 88' lang='lat' dir='ltr'><strong>occasus</strong></span> <span class='ocrx_word' id='word_1_358' title='bbox 3342 2399 3469 2438; x_wconf 85' lang='lat' dir='ltr'><strong>vero</strong></span> <span class='ocrx_word' id='word_1_359' title='bbox 3505 2382 3834 2434; x_wconf 85' lang='lat' dir='ltr'><strong>matutinus</strong></span> 
     </span>
    </p>
   </div>
   <div class='ocr_carea' id='block_1_54' title="bbox 2234 2471 3831 2552">
    <p class='ocr_par' dir='ltr' id='par_1_54' title="bbox 2234 2471 3831 2552">
     <span class='ocr_line' id='line_1_54' title="bbox 2234 2471 3831 2552; baseline -0.011 -12"><span class='ocrx_word' id='word_1_360' title='bbox 2234 2484 2433 2540; x_wconf 90' lang='lat' dir='ltr'><strong>hiemis</strong></span> <span class='ocrx_word' id='word_1_361' title='bbox 2458 2491 2618 2552; x_wconf 91' lang='lat' dir='ltr'><strong>atque</strong></span> <span class='ocrx_word' id='word_1_362' title='bbox 2669 2479 2948 2536; x_wconf 88' lang='lat' dir='ltr'><strong>sementis.</strong></span> <span class='ocrx_word' id='word_1_363' title='bbox 2983 2476 3062 2529; x_wconf 89' lang='lat' dir='ltr'><strong>Ita</strong></span> <span class='ocrx_word' id='word_1_364' title='bbox 3109 2475 3360 2531; x_wconf 81' lang='lat' dir='ltr'><strong>bifariam</strong></span> <span class='ocrx_word' id='word_1_365' title='bbox 3397 2471 3831 2544; x_wconf 87' lang='lat' dir='ltr'><strong>quodammodo</strong></span> 
     </span>
    </p>
   </div>
   <div class='ocr_carea' id='block_1_55' title="bbox 2234 2565 3830 2652">
    <p class='ocr_par' dir='ltr' id='par_1_55' title="bbox 2234 2565 3830 2652">
     <span class='ocr_line' id='line_1_55' title="bbox 2234 2565 3830 2652; baseline -0.009 -19"><span class='ocrx_word' id='word_1_366' title='bbox 2234 2578 2614 2652; x_wconf 86' lang='lat' dir='ltr'><strong>partiebantur</strong></span> <span class='ocrx_word' id='word_1_367' title='bbox 2639 2588 2864 2628; x_wconf 88' lang='lat' dir='ltr'><strong>annum.</strong></span> <span class='ocrx_word' id='word_1_368' title='bbox 2896 2570 3076 2626; x_wconf 90' lang='lat' dir='ltr'><strong>Testis</strong></span> <span class='ocrx_word' id='word_1_369' title='bbox 3093 2580 3176 2624; x_wconf 89' lang='lat' dir='ltr'><strong>est</strong></span> <span class='ocrx_word' id='word_1_370' title='bbox 3206 2566 3469 2623; x_wconf 91' lang='lat' dir='ltr'><strong>Ilesiodus</strong></span> <span class='ocrx_word' id='word_1_371' title='bbox 3499 2565 3830 2634; x_wconf 87' lang='lat' dir='ltr'><strong>antiquitus</strong></span> 
     </span>
    </p>
   </div>
   <div class='ocr_carea' id='block_1_56' title="bbox 2235 2656 3833 2728">
    <p class='ocr_par' dir='ltr' id='par_1_56' title="bbox 2235 2656 3833 2728">
     <span class='ocr_line' id='line_1_56' title="bbox 2235 2656 3833 2728; baseline -0.009 -3"><span class='ocrx_word' id='word_1_372' title='bbox 2235 2671 2289 2726; x_wconf 87' lang='lat' dir='ltr'><strong>id</strong></span> <span class='ocrx_word' id='word_1_373' title='bbox 2325 2671 2382 2724; x_wconf 93' lang='lat' dir='ltr'><strong>in</strong></span> <span class='ocrx_word' id='word_1_374' title='bbox 2416 2668 2624 2724; x_wconf 70' lang='lat' dir='ltr'><strong>Graecia</strong></span> <span class='ocrx_word' id='word_1_375' title='bbox 2674 2665 2877 2719; x_wconf 88' lang='lat' dir='ltr'><strong>factum</strong></span> <span class='ocrx_word' id='word_1_376' title='bbox 2905 2677 3026 2718; x_wconf 88' lang='lat' dir='ltr'><strong>esse</strong></span> <span class='ocrx_word' id='word_1_377' title='bbox 3050 2661 3300 2716; x_wconf 84' lang='lat' dir='ltr'><strong>versibus</strong></span> <span class='ocrx_word' id='word_1_378' title='bbox 3339 2660 3429 2726; x_wconf 88' lang='lat' dir='ltr'><strong>iis,</strong></span> <span class='ocrx_word' id='word_1_379' title='bbox 3456 2671 3605 2727; x_wconf 91' lang='lat' dir='ltr'><strong>quos</strong></span> <span class='ocrx_word' id='word_1_380' title='bbox 3639 2656 3833 2728; x_wconf 84' lang='lat' dir='ltr'><strong>capite</strong></span> 
     </span>
    </p>
   </div>
   <div class='ocr_carea' id='block_1_57' title="bbox 2236 2745 3832 2835">
    <p class='ocr_par' dir='ltr' id='par_1_57' title="bbox 2236 2745 3832 2835">
     <span class='ocr_line' id='line_1_57' title="bbox 2236 2745 3832 2835; baseline -0.009 -16"><span class='ocrx_word' id='word_1_381' title='bbox 2236 2762 2508 2835; x_wconf 88' lang='lat' dir='ltr'><strong>superiori</strong></span> <span class='ocrx_word' id='word_1_382' title='bbox 2543 2760 2846 2815; x_wconf 89' lang='lat' dir='ltr'><strong>retulimus.</strong></span> <span class='ocrx_word' id='word_1_383' title='bbox 2878 2745 3014 2810; x_wconf 86' lang='lat' dir='ltr'><strong>Tum</strong></span> <span class='ocrx_word' id='word_1_384' title='bbox 3039 2755 3296 2823; x_wconf 86' lang='lat' dir='ltr'><strong>deinceps</strong></span> <span class='ocrx_word' id='word_1_385' title='bbox 3329 2752 3613 2807; x_wconf 89' lang='lat' dir='ltr'><strong>innumeri</strong></span> <span class='ocrx_word' id='word_1_386' title='bbox 3646 2751 3832 2806; x_wconf 64' lang='lat' dir='ltr'><strong>Gnaei</strong></span> 
     </span>
    </p>
   </div>
   <div class='ocr_carea' id='block_1_58' title="bbox 2237 2843 3833 2922">
    <p class='ocr_par' dir='ltr' id='par_1_58' title="bbox 2237 2843 3833 2922">
     <span class='ocr_line' id='line_1_58' title="bbox 2237 2843 3833 2922; baseline -0.007 -11"><span class='ocrx_word' id='word_1_387' title='bbox 2237 2871 2301 2911; x_wconf 92' lang='lat' dir='ltr'><strong>ac</strong></span> <span class='ocrx_word' id='word_1_388' title='bbox 2341 2854 2520 2909; x_wconf 89' lang='lat' dir='ltr'><strong>Latini</strong></span> <span class='ocrx_word' id='word_1_389' title='bbox 2573 2852 2794 2922; x_wconf 87' lang='lat' dir='ltr'><strong>scriptis</strong></span> <span class='ocrx_word' id='word_1_390' title='bbox 2852 2850 2995 2904; x_wconf 89' lang='lat' dir='ltr'><strong>idem</strong></span> <span class='ocrx_word' id='word_1_391' title='bbox 3054 2845 3362 2916; x_wconf 88' lang='lat' dir='ltr'><strong>prodidere.</strong></span> <span class='ocrx_word' id='word_1_392' title='bbox 3399 2844 3584 2910; x_wconf 86' lang='lat' dir='ltr'><strong>Quare</strong></span> <span class='ocrx_word' id='word_1_393' title='bbox 3639 2843 3833 2900; x_wconf 59' lang='lat' dir='ltr'><strong>Theo.</strong></span> 
     </span>
    </p>
   </div>
   <div class='ocr_carea' id='block_1_59' title="bbox 2239 2935 3830 3018">
    <p class='ocr_par' dir='ltr' id='par_1_59' title="bbox 2239 2935 3830 3018">
     <span class='ocr_line' id='line_1_59' title="bbox 2239 2935 3830 3018; baseline -0.006 -18"><span class='ocrx_word' id='word_1_394' title='bbox 2239 2947 2497 3018; x_wconf 89' lang='lat' dir='ltr'><strong>phrastus</strong></span> <span class='ocrx_word' id='word_1_395' title='bbox 2523 2946 2663 2999; x_wconf 90' lang='lat' dir='ltr'><strong>libro</strong></span> <span class='ocrx_word' id='word_1_396' title='bbox 2689 2943 2764 2997; x_wconf 85' lang='lat' dir='ltr'><strong>De</strong></span> <span class='ocrx_word' id='word_1_397' title='bbox 2787 2941 2953 3013; x_wconf 79' lang='lat' dir='ltr'><strong>signis</strong></span> <span class='ocrx_word' id='word_1_398' title='bbox 2986 2939 3282 3010; x_wconf 80' lang='lat' dir='ltr'><strong>pluviarum</strong></span> <span class='ocrx_word' id='word_1_399' title='bbox 3305 2935 3571 3005; x_wconf 71' lang='lat' dir='ltr'><strong>Vergilias</strong></span> <span class='ocrx_word' id='word_1_400' title='bbox 3602 2950 3830 2990; x_wconf 88' lang='lat' dir='ltr'><strong>annum</strong></span> 
     </span>
    </p>
   </div>
   <div class='ocr_carea' id='block_1_60' title="bbox 2239 3025 3833 3106">
    <p class='ocr_par' dir='ltr' id='par_1_60' title="bbox 2239 3025 3833 3106">
     <span class='ocr_line' id='line_1_60' title="bbox 2239 3025 3833 3106; baseline -0.01 -13"><span class='ocrx_word' id='word_1_401' title='bbox 2239 3037 2492 3095; x_wconf 83' lang='lat' dir='ltr'><strong>bifariam</strong></span> <span class='ocrx_word' id='word_1_402' title='bbox 2545 3033 2736 3106; x_wconf 91' lang='lat' dir='ltr'><strong>partiri</strong></span> <span class='ocrx_word' id='word_1_403' title='bbox 2796 3032 2987 3088; x_wconf 88' lang='lat' dir='ltr'><strong>scribit</strong></span> <span class='ocrx_word' id='word_1_404' title='bbox 3032 3029 3118 3083; x_wconf 90' lang='lat' dir='ltr'><strong>his</strong></span> <span class='ocrx_word' id='word_1_405' title='bbox 3165 3027 3347 3082; x_wconf 82' lang='lat' dir='ltr'><strong>verbis</strong></span> <span class='ocrx_word' id='word_1_406' title='bbox 3390 3045 3403 3079; x_wconf 91' lang='lat'>:</span> <span class='ocrx_word' id='word_1_407' title='bbox 3444 3026 3743 3093; x_wconf 77' lang='grc' dir='ltr'><strong>Διχοτομεῖ</strong></span> <span class='ocrx_word' id='word_1_408' title='bbox 3772 3025 3833 3078; x_wconf 75' lang='grc' dir='ltr'><strong>δὲ</strong></span> 
     </span>
    </p>
   </div>
   <div class='ocr_carea' id='block_1_61' title="bbox 569 3112 2134 3200">
    <p class='ocr_par' dir='ltr' id='par_1_61' title="bbox 569 3112 2134 3184">
     <span class='ocr_line' id='line_1_61' title="bbox 569 3112 2134 3184; baseline -0.001 -14"><span class='ocrx_word' id='word_1_409' title='bbox 569 3131 639 3170; x_wconf 86' lang='lat' dir='ltr'><strong>xv</strong></span> <span class='ocrx_word' id='word_1_410' title='bbox 675 3112 944 3168; x_wconf 79' lang='lat' dir='ltr'><strong>Kalendas</strong></span> <span class='ocrx_word' id='word_1_411' title='bbox 981 3113 1192 3183; x_wconf 84' lang='lat' dir='ltr'><strong>Apriles</strong></span> <span class='ocrx_word' id='word_1_412' title='bbox 1231 3128 1262 3167; x_wconf 91' lang='lat' dir='ltr'><strong>a</strong></span> <span class='ocrx_word' id='word_1_413' title='bbox 1294 3127 1403 3182; x_wconf 90' lang='lat' dir='ltr'><strong>quo</strong></span> <span class='ocrx_word' id='word_1_414' title='bbox 1441 3113 1713 3170; x_wconf 89' lang='lat' dir='ltr'><strong>secundus</strong></span> <span class='ocrx_word' id='word_1_415' title='bbox 1746 3113 1946 3184; x_wconf 89' lang='lat' dir='ltr'><strong>Aprilis</strong></span> <span class='ocrx_word' id='word_1_416' title='bbox 1992 3113 2134 3170; x_wconf 84' lang='lat' dir='ltr'><strong>deci-</strong></span> 
     </span>
    </p>
   </div>
   <div class='ocr_carea' id='block_1_62' title="bbox 2238 3112 3829 3200">
    <p class='ocr_par' dir='ltr' id='par_1_62' title="bbox 2240 3115 3829 3198">
     <span class='ocr_line' id='line_1_62' title="bbox 2240 3115 3829 3198; baseline -0.009 -16"><span class='ocrx_word' id='word_1_417' title='bbox 2240 3130 2329 3182; x_wconf 84' lang='grc' dir='ltr'>τὺν</span> <span class='ocrx_word' id='word_1_418' title='bbox 2353 3129 2447 3198; x_wconf 80' lang='grc' dir='ltr'><strong>μὲν</strong></span> <span class='ocrx_word' id='word_1_419' title='bbox 2469 3125 2708 3179; x_wconf 75' lang='grc' dir='ltr'><strong>ἐνιαυτὸν</strong></span> <span class='ocrx_word' id='word_1_420' title='bbox 2728 3122 2926 3184; x_wconf 74' lang='grc' dir='ltr'><strong>Πλειὰς</strong></span> <span class='ocrx_word' id='word_1_421' title='bbox 2957 3137 3016 3173; x_wconf 82' lang='grc' dir='ltr'>τε</span> <span class='ocrx_word' id='word_1_422' title='bbox 3047 3119 3278 3189; x_wconf 82' lang='grc' dir='ltr'><strong>δυομένη</strong></span> <span class='ocrx_word' id='word_1_423' title='bbox 3301 3116 3394 3169; x_wconf 70' lang='grc' dir='ltr'><strong>καὶ</strong></span> <span class='ocrx_word' id='word_1_424' title='bbox 3420 3115 3829 3170; x_wconf 64' lang='grc' dir='ltr'><strong>ἀνατέλλουσα·</strong></span> 
     </span>
    </p>
   </div>
   <div class='ocr_carea' id='block_1_63' title="bbox 569 3203 2136 3261">
    <p class='ocr_par' dir='ltr' id='par_1_63' title="bbox 569 3203 2136 3261">
     <span class='ocr_line' id='line_1_63' title="bbox 569 3203 2136 3261; baseline 0 0"><span class='ocrx_word' id='word_1_425' title='bbox 569 3222 692 3261; x_wconf 86' lang='lat' dir='ltr'><strong>mus</strong></span> <span class='ocrx_word' id='word_1_426' title='bbox 726 3213 912 3261; x_wconf 88' lang='lat' dir='ltr'><strong>sextus</strong></span> <span class='ocrx_word' id='word_1_427' title='bbox 971 3211 1056 3259; x_wconf 91' lang='lat' dir='ltr'><strong>est</strong></span> <span class='ocrx_word' id='word_1_428' title='bbox 1100 3205 1238 3260; x_wconf 86' lang='lat' dir='ltr'><strong>dies.</strong></span> <span class='ocrx_word' id='word_1_429' title='bbox 1269 3203 1395 3260; x_wconf 70' lang='lat' dir='ltr'><strong>Ilaec</strong></span> <span class='ocrx_word' id='word_1_430' title='bbox 1439 3220 1546 3259; x_wconf 90' lang='lat' dir='ltr'><strong>non</strong></span> <span class='ocrx_word' id='word_1_431' title='bbox 1579 3206 1718 3260; x_wconf 91' lang='lat' dir='ltr'><strong>male</strong></span> <span class='ocrx_word' id='word_1_432' title='bbox 1761 3220 1884 3259; x_wconf 92' lang='lat' dir='ltr'><strong>cum</strong></span> <span class='ocrx_word' id='word_1_433' title='bbox 1935 3221 2136 3261; x_wconf 90' lang='lat' dir='ltr'><strong>occasu</strong></span> 
     </span>
    </p>
   </div>
   <div class='ocr_carea' id='block_1_64' title="bbox 570 3295 2139 3354">
    <p class='ocr_par' dir='ltr' id='par_1_64' title="bbox 570 3295 2139 3354">
     <span class='ocr_line' id='line_1_64' title="bbox 570 3295 2139 3354; baseline 0.002 -3"><span class='ocrx_word' id='word_1_434' title='bbox 570 3297 764 3352; x_wconf 74' lang='lat' dir='ltr'><strong>lucidae</strong></span> <span class='ocrx_word' id='word_1_435' title='bbox 791 3295 1070 3351; x_wconf 92' lang='lat' dir='ltr'><strong>Pleiadum</strong></span> <span class='ocrx_word' id='word_1_436' title='bbox 1105 3297 1476 3352; x_wconf 87' lang='lat' dir='ltr'><strong>astronomieo</strong></span> <span class='ocrx_word' id='word_1_437' title='bbox 1517 3298 1887 3352; x_wconf 77' lang='lat' dir='ltr'><strong>consentiunt.</strong></span> <span class='ocrx_word' id='word_1_438' title='bbox 1934 3296 2139 3354; x_wconf 78' lang='lat' dir='ltr'><strong>Exinde</strong></span> 
     </span>
    </p>
   </div>
   <div class='ocr_carea' id='block_1_65' title="bbox 569 3385 2135 3457">
    <p class='ocr_par' dir='ltr' id='par_1_65' title="bbox 569 3385 2135 3457">
     <span class='ocr_line' id='line_1_65' title="bbox 569 3385 2135 3457; baseline 0.003 -17"><span class='ocrx_word' id='word_1_439' title='bbox 569 3403 646 3441; x_wconf 89' lang='lat' dir='ltr'><strong>xu</strong></span> <span class='ocrx_word' id='word_1_440' title='bbox 679 3387 880 3456; x_wconf 87' lang='lat' dir='ltr'><strong>Aprilis</strong></span> <span class='ocrx_word' id='word_1_441' title='bbox 918 3385 1282 3457; x_wconf 89' lang='lat' dir='ltr'><strong>Vergiliarum</strong></span> <span class='ocrx_word' id='word_1_442' title='bbox 1333 3388 1601 3457; x_wconf 91' lang='lat' dir='ltr'><strong>reliquum</strong></span> <span class='ocrx_word' id='word_1_443' title='bbox 1646 3386 1900 3442; x_wconf 88' lang='lat' dir='ltr'><strong>occidere</strong></span> <span class='ocrx_word' id='word_1_444' title='bbox 1925 3388 2135 3445; x_wconf 89' lang='lat' dir='ltr'><strong>scribit.</strong></span> 
     </span>
    </p>
   </div>
   <div class='ocr_carea' id='block_1_66' title="bbox 570 3475 1806 3545">
    <p class='ocr_par' dir='ltr' id='par_1_66' title="bbox 570 3475 1806 3545">
     <span class='ocr_line' id='line_1_66' title="bbox 570 3475 1806 3545; baseline -0.002 -14"><span class='ocrx_word' id='word_1_445' title='bbox 570 3476 748 3542; x_wconf 85' lang='lat' dir='ltr'><strong>Etiam</strong></span> <span class='ocrx_word' id='word_1_446' title='bbox 772 3477 872 3531; x_wconf 88' lang='lat' dir='ltr'><strong>hoc</strong></span> <span class='ocrx_word' id='word_1_447' title='bbox 909 3486 1294 3537; x_wconf 90' lang='lat' dir='ltr'><strong>consentanee,</strong></span> <span class='ocrx_word' id='word_1_448' title='bbox 1329 3483 1388 3529; x_wconf 93' lang='lat' dir='ltr'><strong>ut</strong></span> <span class='ocrx_word' id='word_1_449' title='bbox 1409 3475 1520 3545; x_wconf 86' lang='lat' dir='ltr'><strong>jam</strong></span> <span class='ocrx_word' id='word_1_450' title='bbox 1549 3475 1806 3530; x_wconf 71' lang='lat' dir='ltr'><strong>diximus.</strong></span> 
     </span>
    </p>
   </div>
   <div class='ocr_carea' id='block_1_67' title="bbox 643 3557 2133 3634">
    <p class='ocr_par' dir='ltr' id='par_1_67' title="bbox 643 3557 2133 3634">
     <span class='ocr_line' id='line_1_67' title="bbox 643 3557 2133 3634; baseline -0.002 -14"><span class='ocrx_word' id='word_1_451' title='bbox 643 3567 712 3620; x_wconf 89' lang='lat' dir='ltr'><strong>At</strong></span> <span class='ocrx_word' id='word_1_452' title='bbox 764 3560 971 3621; x_wconf 89' lang='lat' dir='ltr'><strong>Plinius</strong></span> <span class='ocrx_word' id='word_1_453' title='bbox 1031 3565 1126 3619; x_wconf 90' lang='lat' dir='ltr'><strong>lib.</strong></span> <span class='ocrx_word' id='word_1_454' title='bbox 1181 3557 1368 3628; x_wconf 81' lang='lat' dir='ltr'><strong>XVIII,</strong></span> <span class='ocrx_word' id='word_1_455' title='bbox 1415 3579 1536 3634; x_wconf 92' lang='lat' dir='ltr'><strong>cap.</strong></span> <span class='ocrx_word' id='word_1_456' title='bbox 1581 3562 1777 3627; x_wconf 81' lang='lat' dir='ltr'><strong>XXVI,</strong></span> <span class='ocrx_word' id='word_1_457' title='bbox 1802 3563 1963 3618; x_wconf 90' lang='lat' dir='ltr'><strong>tertio</strong></span> <span class='ocrx_word' id='word_1_458' title='bbox 1989 3560 2133 3617; x_wconf 85' lang='lat' dir='ltr'><strong>Non.</strong></span> 
     </span>
    </p>
   </div>
   <div class='ocr_carea' id='block_1_68' title="bbox 570 3653 2137 3728">
    <p class='ocr_par' dir='ltr' id='par_1_68' title="bbox 570 3653 2137 3728">
     <span class='ocr_line' id='line_1_68' title="bbox 570 3653 2137 3728; baseline -0.003 -16"><span class='ocrx_word' id='word_1_459' title='bbox 570 3657 775 3728; x_wconf 85' lang='lat' dir='ltr'><strong>Aprilis</strong></span> <span class='ocrx_word' id='word_1_460' title='bbox 827 3657 882 3711; x_wconf 91' lang='lat' dir='ltr'><strong>in</strong></span> <span class='ocrx_word' id='word_1_461' title='bbox 939 3659 1119 3710; x_wconf 89' lang='lat' dir='ltr'><strong>Attica</strong></span> <span class='ocrx_word' id='word_1_462' title='bbox 1172 3657 1386 3728; x_wconf 90' lang='lat' dir='ltr'><strong>vesperi</strong></span> <span class='ocrx_word' id='word_1_463' title='bbox 1427 3655 1693 3711; x_wconf 91' lang='lat' dir='ltr'><strong>occultari</strong></span> <span class='ocrx_word' id='word_1_464' title='bbox 1724 3653 1991 3726; x_wconf 86' lang='lat' dir='ltr'><strong>Vergilias</strong></span> <span class='ocrx_word' id='word_1_465' title='bbox 2041 3655 2137 3718; x_wconf 90' lang='lat' dir='ltr'><strong>ait,</strong></span> 
     </span>
    </p>
   </div>
   <div class='ocr_carea' id='block_1_69' title="bbox 574 3745 2141 3818">
    <p class='ocr_par' dir='ltr' id='par_1_69' title="bbox 574 3745 2141 3818">
     <span class='ocr_line' id='line_1_69' title="bbox 574 3745 2141 3818; baseline -0.001 -16"><span class='ocrx_word' id='word_1_466' title='bbox 574 3749 794 3802; x_wconf 88' lang='lat' dir='ltr'><strong>easdem</strong></span> <span class='ocrx_word' id='word_1_467' title='bbox 827 3745 1089 3818; x_wconf 88' lang='lat' dir='ltr'><strong>postridie</strong></span> <span class='ocrx_word' id='word_1_468' title='bbox 1119 3747 1173 3801; x_wconf 93' lang='lat' dir='ltr'><strong>in</strong></span> <span class='ocrx_word' id='word_1_469' title='bbox 1197 3747 1436 3811; x_wconf 75' lang='lat' dir='ltr'><strong>Bmotin;</strong></span> <span class='ocrx_word' id='word_1_470' title='bbox 1467 3746 1666 3802; x_wconf 66' lang='lat' dir='ltr'><strong>Caesari</strong></span> <span class='ocrx_word' id='word_1_471' title='bbox 1697 3755 1875 3801; x_wconf 89' lang='lat' dir='ltr'><strong>autem</strong></span> <span class='ocrx_word' id='word_1_472' title='bbox 1901 3754 1954 3801; x_wconf 94' lang='lat' dir='ltr'><strong>et</strong></span> <span class='ocrx_word' id='word_1_473' title='bbox 1978 3745 2141 3802; x_wconf 86' lang='lat' dir='ltr'><strong>Chal-</strong></span> 
     </span>
    </p>
   </div>
   <div class='ocr_carea' id='block_1_70' title="bbox 575 3837 2138 3908">
    <p class='ocr_par' dir='ltr' id='par_1_70' title="bbox 575 3837 2138 3908">
     <span class='ocr_line' id='line_1_70' title="bbox 575 3837 2138 3908; baseline 0 -14"><span class='ocrx_word' id='word_1_474' title='bbox 575 3841 709 3895; x_wconf 68' lang='lat' dir='ltr'><strong>daris</strong></span> <span class='ocrx_word' id='word_1_475' title='bbox 737 3839 924 3894; x_wconf 84' lang='lat' dir='ltr'><strong>Nonis.</strong></span> <span class='ocrx_word' id='word_1_476' title='bbox 957 3840 1294 3894; x_wconf 91' lang='lat' dir='ltr'><strong>Columnella</strong></span> <span class='ocrx_word' id='word_1_477' title='bbox 1327 3839 1418 3892; x_wconf 91' lang='lat' dir='ltr'><strong>lib.</strong></span> <span class='ocrx_word' id='word_1_478' title='bbox 1464 3837 1553 3905; x_wconf 85' lang='lat' dir='ltr'><strong>IX,</strong></span> <span class='ocrx_word' id='word_1_479' title='bbox 1581 3854 1701 3908; x_wconf 91' lang='lat' dir='ltr'><strong>cap.</strong></span> <span class='ocrx_word' id='word_1_480' title='bbox 1732 3839 1791 3901; x_wconf 91' lang='lat' dir='ltr'><strong>II,</strong></span> <span class='ocrx_word' id='word_1_481' title='bbox 1825 3846 2030 3892; x_wconf 88' lang='lat' dir='ltr'><strong>octavo</strong></span> <span class='ocrx_word' id='word_1_482' title='bbox 2059 3837 2138 3894; x_wconf 92' lang='lat' dir='ltr'><strong>Id.</strong></span> 
     </span>
    </p>
   </div>
   <div class='ocr_carea' id='block_1_71' title="bbox 574 3929 2142 4001">
    <p class='ocr_par' dir='ltr' id='par_1_71' title="bbox 574 3929 2142 4001">
     <span class='ocr_line' id='line_1_71' title="bbox 574 3929 2142 4001; baseline -0.001 -15"><span class='ocrx_word' id='word_1_483' title='bbox 574 3930 780 4001; x_wconf 89' lang='lat' dir='ltr'><strong>Aprilis</strong></span> <span class='ocrx_word' id='word_1_484' title='bbox 806 3931 897 4000; x_wconf 89' lang='lat' dir='ltr'><strong>qui</strong></span> <span class='ocrx_word' id='word_1_485' title='bbox 931 3929 1049 3984; x_wconf 86' lang='lat' dir='ltr'><strong>dies</strong></span> <span class='ocrx_word' id='word_1_486' title='bbox 1072 3937 1155 3985; x_wconf 89' lang='lat' dir='ltr'><strong>est</strong></span> <span class='ocrx_word' id='word_1_487' title='bbox 1200 3939 1410 3994; x_wconf 89' lang='lat' dir='ltr'><strong>sextus,</strong></span> <span class='ocrx_word' id='word_1_488' title='bbox 1439 3929 1702 4000; x_wconf 76' lang='lat' dir='ltr'><strong>Vergilias</strong></span> <span class='ocrx_word' id='word_1_489' title='bbox 1735 3944 1958 3998; x_wconf 88' lang='lat' dir='ltr'><strong>vespere</strong></span> <span class='ocrx_word' id='word_1_490' title='bbox 1979 3931 2142 3985; x_wconf 87' lang='lat' dir='ltr'><strong>celari</strong></span> 
     </span>
    </p>
   </div>
   <div class='ocr_carea' id='block_1_72' title="bbox 577 4015 2139 4089">
    <p class='ocr_par' dir='ltr' id='par_1_72' title="bbox 577 4015 2139 4089">
     <span class='ocr_line' id='line_1_72' title="bbox 577 4015 2139 4089; baseline -0.001 -11"><span class='ocrx_word' id='word_1_491' title='bbox 577 4023 741 4089; x_wconf 87' lang='lat' dir='ltr'><strong>dicit;</strong></span> <span class='ocrx_word' id='word_1_492' title='bbox 775 4021 988 4077; x_wconf 91' lang='lat' dir='ltr'><strong>decimo</strong></span> <span class='ocrx_word' id='word_1_493' title='bbox 1017 4037 1143 4077; x_wconf 88' lang='lat' dir='ltr'><strong>vero</strong></span> <span class='ocrx_word' id='word_1_494' title='bbox 1173 4016 1441 4078; x_wconf 82' lang='lat' dir='ltr'><strong>Kalendas</strong></span> <span class='ocrx_word' id='word_1_495' title='bbox 1473 4015 1641 4076; x_wconf 87' lang='lat' dir='ltr'><strong>Maias</strong></span> <span class='ocrx_word' id='word_1_496' title='bbox 1669 4035 1793 4074; x_wconf 93' lang='lat' dir='ltr'><strong>cum</strong></span> <span class='ocrx_word' id='word_1_497' title='bbox 1824 4020 1938 4076; x_wconf 90' lang='lat' dir='ltr'><strong>sole</strong></span> <span class='ocrx_word' id='word_1_498' title='bbox 1963 4023 2093 4076; x_wconf 90' lang='lat' dir='ltr'><strong>oriri</strong></span> <span class='ocrx_word' id='word_1_499' title='bbox 2125 4040 2139 4078; x_wconf 92' lang='lat'>:</span> 
     </span>
    </p>
   </div>
   <div class='ocr_carea' id='block_1_73' title="bbox 577 4115 1530 4187">
    <p class='ocr_par' dir='ltr' id='par_1_73' title="bbox 577 4115 1530 4187">
     <span class='ocr_line' id='line_1_73' title="bbox 577 4115 1530 4187; baseline -0.001 -18"><span class='ocrx_word' id='word_1_500' title='bbox 577 4131 738 4187; x_wconf 87' lang='lat' dir='ltr'><strong>quem</strong></span> <span class='ocrx_word' id='word_1_501' title='bbox 768 4121 950 4169; x_wconf 91' lang='lat' dir='ltr'><strong>ortum</strong></span> <span class='ocrx_word' id='word_1_502' title='bbox 981 4115 1279 4169; x_wconf 89' lang='lat' dir='ltr'><strong>cosmicum</strong></span> <span class='ocrx_word' id='word_1_503' title='bbox 1312 4121 1530 4169; x_wconf 87' lang='lat' dir='ltr'><strong>vocant.</strong></span> 
     </span>
    </p>
   </div>
   <div class='ocr_carea' id='block_1_74' title="bbox 647 4202 2144 4274">
    <p class='ocr_par' dir='ltr' id='par_1_74' title="bbox 647 4202 2144 4274">
     <span class='ocr_line' id='line_1_74' title="bbox 647 4202 2144 4274; baseline -0.001 -16"><span class='ocrx_word' id='word_1_504' title='bbox 647 4202 928 4258; x_wconf 88' lang='lat' dir='ltr'><strong>Postremo</strong></span> <span class='ocrx_word' id='word_1_505' title='bbox 955 4219 1056 4259; x_wconf 89' lang='lat' dir='ltr'><strong>nec</strong></span> <span class='ocrx_word' id='word_1_506' title='bbox 1080 4203 1210 4257; x_wconf 92' lang='lat' dir='ltr'><strong>illud</strong></span> <span class='ocrx_word' id='word_1_507' title='bbox 1239 4204 1342 4258; x_wconf 93' lang='lat' dir='ltr'><strong>hoc</strong></span> <span class='ocrx_word' id='word_1_508' title='bbox 1364 4203 1418 4257; x_wconf 90' lang='lat' dir='ltr'><strong>in</strong></span> <span class='ocrx_word' id='word_1_509' title='bbox 1442 4203 1656 4274; x_wconf 84' lang='lat' dir='ltr'><strong>negotio</strong></span> <span class='ocrx_word' id='word_1_510' title='bbox 1687 4202 2144 4258; x_wconf 89' lang='lat' dir='ltr'><strong>contemnendum</strong></span> 
     </span>
    </p>
   </div>
   <div class='ocr_carea' id='block_1_75' title="bbox 577 4291 2144 4366">
    <p class='ocr_par' dir='ltr' id='par_1_75' title="bbox 577 4291 2144 4366">
     <span class='ocr_line' id='line_1_75' title="bbox 577 4291 2144 4366; baseline 0 -17"><span class='ocrx_word' id='word_1_511' title='bbox 577 4294 792 4350; x_wconf 76' lang='lat' dir='ltr'><strong>videtur</strong></span> <span class='ocrx_word' id='word_1_512' title='bbox 816 4313 829 4348; x_wconf 92' lang='lat'>:</span> <span class='ocrx_word' id='word_1_513' title='bbox 855 4293 961 4349; x_wconf 89' lang='lat' dir='ltr'><strong>diei</strong></span> <span class='ocrx_word' id='word_1_514' title='bbox 1009 4295 1335 4366; x_wconf 86' lang='lat' dir='ltr'><strong>principium</strong></span> <span class='ocrx_word' id='word_1_515' title='bbox 1385 4309 1494 4348; x_wconf 93' lang='lat' dir='ltr'><strong>non</strong></span> <span class='ocrx_word' id='word_1_516' title='bbox 1525 4291 1593 4349; x_wconf 89' lang='lat' dir='ltr'><strong>ab</strong></span> <span class='ocrx_word' id='word_1_517' title='bbox 1628 4295 1746 4365; x_wconf 91' lang='lat' dir='ltr'><strong>ipso</strong></span> <span class='ocrx_word' id='word_1_518' title='bbox 1772 4303 1980 4349; x_wconf 91' lang='lat' dir='ltr'><strong>tantum</strong></span> <span class='ocrx_word' id='word_1_519' title='bbox 2012 4295 2144 4351; x_wconf 88' lang='lat' dir='ltr'><strong>solis</strong></span> 
     </span>
    </p>
   </div>
   <div class='ocr_carea' id='block_1_76' title="bbox 579 4380 2146 4452">
    <p class='ocr_par' dir='ltr' id='par_1_76' title="bbox 579 4380 2146 4452">
     <span class='ocr_line' id='line_1_76' title="bbox 579 4380 2146 4452; baseline -0.001 -14"><span class='ocrx_word' id='word_1_520' title='bbox 579 4391 793 4450; x_wconf 83' lang='lat' dir='ltr'><strong>exortu,</strong></span> <span class='ocrx_word' id='word_1_521' title='bbox 822 4381 918 4439; x_wconf 87' lang='lat' dir='ltr'><strong>sed</strong></span> <span class='ocrx_word' id='word_1_522' title='bbox 947 4383 1016 4438; x_wconf 90' lang='lat' dir='ltr'><strong>ab</strong></span> <span class='ocrx_word' id='word_1_523' title='bbox 1038 4399 1236 4438; x_wconf 87' lang='lat' dir='ltr'><strong>aurora</strong></span> <span class='ocrx_word' id='word_1_524' title='bbox 1264 4383 1414 4452; x_wconf 89' lang='lat' dir='ltr'><strong>ipsa,</strong></span> <span class='ocrx_word' id='word_1_525' title='bbox 1453 4383 1538 4437; x_wconf 88' lang='lat' dir='ltr'><strong>vel</strong></span> <span class='ocrx_word' id='word_1_526' title='bbox 1572 4380 2008 4439; x_wconf 85' lang='lat' dir='ltr'><strong>increbrescente</strong></span> <span class='ocrx_word' id='word_1_527' title='bbox 2037 4400 2146 4437; x_wconf 90' lang='lat' dir='ltr'><strong>ma-</strong></span> 
     </span>
    </p>
   </div>
   <div class='ocr_carea' id='block_1_77' title="bbox 2239 3206 3829 3289">
    <p class='ocr_par' dir='ltr' id='par_1_77' title="bbox 2239 3206 3829 3289">
     <span class='ocr_line' id='line_1_77' title="bbox 2239 3206 3829 3289; baseline -0.009 -16"><span class='ocrx_word' id='word_1_528' title='bbox 2239 3220 2347 3274; x_wconf 80' lang='grc' dir='ltr'>ἀπὸ</span> <span class='ocrx_word' id='word_1_529' title='bbox 2373 3219 2480 3289; x_wconf 79' lang='grc' dir='ltr'><strong>γὰρ</strong></span> <span class='ocrx_word' id='word_1_530' title='bbox 2500 3217 2704 3279; x_wconf 81' lang='grc' dir='ltr'><strong>δύσεως</strong></span> <span class='ocrx_word' id='word_1_531' title='bbox 2743 3215 2902 3286; x_wconf 76' lang='grc' dir='ltr'><strong>μέχρι</strong></span> <span class='ocrx_word' id='word_1_532' title='bbox 2934 3211 3199 3280; x_wconf 76' lang='grc' dir='ltr'><strong>ἀνατολῆς</strong></span> <span class='ocrx_word' id='word_1_533' title='bbox 3230 3211 3291 3262; x_wconf 82' lang='grc' dir='ltr'><strong>τὸ</strong></span> <span class='ocrx_word' id='word_1_534' title='bbox 3316 3210 3484 3279; x_wconf 77' lang='grc' dir='ltr'><strong>ἥμισυ</strong></span> <span class='ocrx_word' id='word_1_535' title='bbox 3518 3206 3616 3260; x_wconf 74' lang='grc' dir='ltr'><strong>τοῦ</strong></span> <span class='ocrx_word' id='word_1_536' title='bbox 3641 3209 3829 3259; x_wconf 60' lang='grc' dir='ltr'><strong>ἐνιαυ-</strong></span> 
     </span>
    </p>
   </div>
   <div class='ocr_carea' id='block_1_78' title="bbox 2236 3299 3828 3373">
    <p class='ocr_par' dir='ltr' id='par_1_78' title="bbox 2236 3299 3828 3373">
     <span class='ocr_line' id='line_1_78' title="bbox 2236 3299 3828 3373; baseline -0.009 -7"><span class='ocrx_word' id='word_1_537' title='bbox 2236 3313 2335 3366; x_wconf 81' lang='grc' dir='ltr'><strong>τοῦ</strong></span> <span class='ocrx_word' id='word_1_538' title='bbox 2388 3314 2554 3365; x_wconf 73' lang='grc' dir='ltr'><strong>ἐστιν.</strong></span> <span class='ocrx_word' id='word_1_539' title='bbox 2585 3329 2604 3362; x_wconf 69' lang='grc' dir='ltr'><strong>ι</strong></span> <span class='ocrx_word' id='word_1_540' title='bbox 2647 3309 2846 3364; x_wconf 90' lang='lat' dir='ltr'><strong>Sccant</strong></span> <span class='ocrx_word' id='word_1_541' title='bbox 2893 3321 3092 3360; x_wconf 91' lang='lat' dir='ltr'><strong>annum</strong></span> <span class='ocrx_word' id='word_1_542' title='bbox 3143 3303 3397 3373; x_wconf 83' lang='lat' dir='ltr'><strong>bipartito</strong></span> <span class='ocrx_word' id='word_1_543' title='bbox 3446 3299 3828 3370; x_wconf 85' lang='lat' dir='ltr'><strong>Vergiliarum</strong></span> 
     </span>
    </p>
   </div>
   <div class='ocr_carea' id='block_1_79' title="bbox 2241 3393 3829 3461">
    <p class='ocr_par' dir='ltr' id='par_1_79' title="bbox 2241 3393 3829 3461">
     <span class='ocr_line' id='line_1_79' title="bbox 2241 3393 3829 3461; baseline -0.01 -1"><span class='ocrx_word' id='word_1_544' title='bbox 2241 3412 2468 3460; x_wconf 85' lang='lat' dir='ltr'><strong>exortus</strong></span> <span class='ocrx_word' id='word_1_545' title='bbox 2499 3413 2553 3458; x_wconf 89' lang='lat' dir='ltr'><strong>et</strong></span> <span class='ocrx_word' id='word_1_546' title='bbox 2579 3417 2832 3457; x_wconf 90' lang='lat' dir='ltr'><strong>occasus.</strong></span> <span class='ocrx_word' id='word_1_547' title='bbox 2870 3397 2955 3453; x_wconf 89' lang='lat' dir='ltr'><strong>Ab</strong></span> <span class='ocrx_word' id='word_1_548' title='bbox 2985 3411 3184 3451; x_wconf 90' lang='lat' dir='ltr'><strong>occasu</strong></span> <span class='ocrx_word' id='word_1_549' title='bbox 3211 3396 3352 3450; x_wconf 89' lang='lat' dir='ltr'><strong>enim</strong></span> <span class='ocrx_word' id='word_1_550' title='bbox 3385 3393 3610 3446; x_wconf 89' lang='lat' dir='ltr'><strong>illarum</strong></span> <span class='ocrx_word' id='word_1_551' title='bbox 3645 3406 3829 3461; x_wconf 78' lang='lat' dir='ltr'><strong>usque</strong></span> 
     </span>
    </p>
   </div>
   <div class='ocr_carea' id='block_1_80' title="bbox 2240 3482 3832 3557">
    <p class='ocr_par' dir='ltr' id='par_1_80' title="bbox 2240 3482 3832 3557">
     <span class='ocr_line' id='line_1_80' title="bbox 2240 3482 3832 3557; baseline -0.012 -5"><span class='ocrx_word' id='word_1_552' title='bbox 2240 3496 2310 3551; x_wconf 88' lang='lat' dir='ltr'><strong>ad</strong></span> <span class='ocrx_word' id='word_1_553' title='bbox 2334 3504 2608 3557; x_wconf 85' lang='lat' dir='ltr'><strong>exortum,</strong></span> <span class='ocrx_word' id='word_1_554' title='bbox 2647 3492 2772 3546; x_wconf 89' lang='lat' dir='ltr'><strong>anni</strong></span> <span class='ocrx_word' id='word_1_555' title='bbox 2829 3489 3118 3545; x_wconf 90' lang='lat' dir='ltr'><strong>dimidium</strong></span> <span class='ocrx_word' id='word_1_556' title='bbox 3162 3494 3261 3541; x_wconf 92' lang='lat' dir='ltr'><strong>est.</strong></span> <span class='ocrx_word' id='word_1_557' title='bbox 3303 3504 3321 3536; x_wconf 76' lang='grc' dir='ltr'><strong>ι</strong></span> <span class='ocrx_word' id='word_1_558' title='bbox 3356 3482 3519 3549; x_wconf 86' lang='lat' dir='ltr'><strong>Quod</strong></span> <span class='ocrx_word' id='word_1_559' title='bbox 3561 3483 3748 3550; x_wconf 91' lang='lat' dir='ltr'><strong>ipsum</strong></span> <span class='ocrx_word' id='word_1_560' title='bbox 3777 3489 3832 3535; x_wconf 88' lang='lat' dir='ltr'><strong>et</strong></span> 
     </span>
    </p>
   </div>
   <div class='ocr_carea' id='block_1_81' title="bbox 2239 3570 3831 3655">
    <p class='ocr_par' dir='ltr' id='par_1_81' title="bbox 2239 3570 3831 3655">
     <span class='ocr_line' id='line_1_81' title="bbox 2239 3570 3831 3655; baseline -0.01 -15"><span class='ocrx_word' id='word_1_561' title='bbox 2239 3587 2415 3642; x_wconf 88' lang='lat' dir='ltr'><strong>Varro</strong></span> <span class='ocrx_word' id='word_1_562' title='bbox 2469 3583 2828 3655; x_wconf 88' lang='lat' dir='ltr'><strong>sequiturlib.</strong></span> <span class='ocrx_word' id='word_1_563' title='bbox 2872 3579 2893 3632; x_wconf 89' lang='grc' dir='ltr'><strong>ι</strong></span> <span class='ocrx_word' id='word_1_564' title='bbox 2931 3579 3006 3632; x_wconf 84' lang='lat' dir='ltr'><strong>De</strong></span> <span class='ocrx_word' id='word_1_565' title='bbox 3039 3595 3093 3632; x_wconf 85' lang='lat' dir='ltr'><strong>re</strong></span> <span class='ocrx_word' id='word_1_566' title='bbox 3132 3584 3290 3642; x_wconf 87' lang='lat' dir='ltr'><strong>rust.,</strong></span> <span class='ocrx_word' id='word_1_567' title='bbox 3321 3588 3444 3642; x_wconf 88' lang='lat' dir='ltr'><strong>cap.</strong></span> <span class='ocrx_word' id='word_1_568' title='bbox 3482 3570 3746 3636; x_wconf 75' lang='lat' dir='ltr'><strong>XXVIII;</strong></span> <span class='ocrx_word' id='word_1_569' title='bbox 3778 3582 3831 3625; x_wconf 87' lang='lat' dir='ltr'><strong>et</strong></span> 
     </span>
    </p>
   </div>
   <div class='ocr_carea' id='block_1_82' title="bbox 2241 3662 3831 3737">
    <p class='ocr_par' dir='ltr' id='par_1_82' title="bbox 2241 3662 3831 3737">
     <span class='ocr_line' id='line_1_82' title="bbox 2241 3662 3831 3737; baseline -0.012 -4"><span class='ocrx_word' id='word_1_570' title='bbox 2241 3677 2442 3734; x_wconf 89' lang='lat' dir='ltr'><strong>diserte</strong></span> <span class='ocrx_word' id='word_1_571' title='bbox 2488 3675 2696 3731; x_wconf 88' lang='lat' dir='ltr'><strong>Plinius</strong></span> <span class='ocrx_word' id='word_1_572' title='bbox 2731 3673 2824 3727; x_wconf 90' lang='lat' dir='ltr'><strong>lib.</strong></span> <span class='ocrx_word' id='word_1_573' title='bbox 2862 3670 3052 3737; x_wconf 88' lang='lat' dir='ltr'><strong>XVIII,</strong></span> <span class='ocrx_word' id='word_1_574' title='bbox 3111 3684 3230 3737; x_wconf 90' lang='lat' dir='ltr'><strong>cap.</strong></span> <span class='ocrx_word' id='word_1_575' title='bbox 3264 3664 3455 3727; x_wconf 71' lang='lat' dir='ltr'><strong>XXIX,</strong></span> <span class='ocrx_word' id='word_1_576' title='bbox 3491 3664 3592 3719; x_wconf 89' lang='lat' dir='ltr'><strong>ubi</strong></span> <span class='ocrx_word' id='word_1_577' title='bbox 3629 3662 3831 3734; x_wconf 78' lang='lat' dir='ltr'><strong>Vergi-</strong></span> 
     </span>
    </p>
   </div>
   <div class='ocr_carea' id='block_1_83' title="bbox 2242 3756 3830 3828">
    <p class='ocr_par' dir='ltr' id='par_1_83' title="bbox 2242 3756 3830 3828">
     <span class='ocr_line' id='line_1_83' title="bbox 2242 3756 3830 3828; baseline -0.01 -3"><span class='ocrx_word' id='word_1_578' title='bbox 2242 3771 2346 3826; x_wconf 90' lang='lat' dir='ltr'><strong>lias</strong></span> <span class='ocrx_word' id='word_1_579' title='bbox 2394 3788 2413 3822; x_wconf 79' lang='grc' dir='ltr'><strong>ι</strong></span> <span class='ocrx_word' id='word_1_580' title='bbox 2459 3776 2650 3825; x_wconf 84' lang='lat' dir='ltr'><strong>exortu</strong></span> <span class='ocrx_word' id='word_1_581' title='bbox 2706 3781 2806 3820; x_wconf 89' lang='lat' dir='ltr'><strong>suo</strong></span> <span class='ocrx_word' id='word_1_582' title='bbox 2861 3771 3104 3818; x_wconf 63' lang='lat' dir='ltr'><strong>mstatem</strong></span> <span class='ocrx_word' id='word_1_583' title='bbox 3174 3758 3410 3828; x_wconf 90' lang='lat' dir='ltr'><strong>incipere</strong></span> <span class='ocrx_word' id='word_1_584' title='bbox 3453 3756 3566 3820; x_wconf 90' lang='lat' dir='ltr'><strong>ait,</strong></span> <span class='ocrx_word' id='word_1_585' title='bbox 3619 3771 3830 3809; x_wconf 77' lang='lat' dir='ltr'><strong>occasu</strong></span> 
     </span>
    </p>
   </div>
   <div class='ocr_carea' id='block_1_84' title="bbox 2243 3849 3832 3927">
    <p class='ocr_par' dir='ltr' id='par_1_84' title="bbox 2243 3849 3832 3927">
     <span class='ocr_line' id='line_1_84' title="bbox 2243 3849 3832 3927; baseline -0.011 -10"><span class='ocrx_word' id='word_1_586' title='bbox 2243 3863 2498 3927; x_wconf 88' lang='lat' dir='ltr'><strong>hiemem,</strong></span> <span class='ocrx_word' id='word_1_587' title='bbox 2557 3857 2806 3913; x_wconf 89' lang='lat' dir='ltr'><strong>semestri</strong></span> <span class='ocrx_word' id='word_1_588' title='bbox 2867 3853 3046 3924; x_wconf 90' lang='lat' dir='ltr'><strong>spatio</strong></span> <span class='ocrx_word' id='word_1_589' title='bbox 3085 3853 3225 3905; x_wconf 90' lang='lat' dir='ltr'><strong>intra</strong></span> <span class='ocrx_word' id='word_1_590' title='bbox 3269 3865 3327 3904; x_wconf 89' lang='lat' dir='ltr'><strong>se</strong></span> <span class='ocrx_word' id='word_1_591' title='bbox 3372 3863 3609 3910; x_wconf 86' lang='lat' dir='ltr'><strong>messes,</strong></span> <span class='ocrx_word' id='word_1_592' title='bbox 3637 3849 3832 3901; x_wconf 82' lang='lat' dir='ltr'><strong>vinde—</strong></span> 
     </span>
    </p>
   </div>
   <div class='ocr_carea' id='block_1_85' title="bbox 2245 3940 3824 4021">
    <p class='ocr_par' dir='ltr' id='par_1_85' title="bbox 2245 3940 3824 4021">
     <span class='ocr_line' id='line_1_85' title="bbox 2245 3940 3824 4021; baseline -0.012 -14"><span class='ocrx_word' id='word_1_593' title='bbox 2245 3953 2510 4021; x_wconf 84' lang='lat' dir='ltr'><strong>miasque,</strong></span> <span class='ocrx_word' id='word_1_594' title='bbox 2571 3958 2626 4004; x_wconf 92' lang='lat' dir='ltr'><strong>et</strong></span> <span class='ocrx_word' id='word_1_595' title='bbox 2669 3947 2910 4002; x_wconf 90' lang='lat' dir='ltr'><strong>omnium</strong></span> <span class='ocrx_word' id='word_1_596' title='bbox 2959 3946 3330 3999; x_wconf 86' lang='lat' dir='ltr'><strong>maturitatem</strong></span> <span class='ocrx_word' id='word_1_597' title='bbox 3392 3940 3743 4010; x_wconf 87' lang='lat' dir='ltr'><strong>complexas.</strong></span> <span class='ocrx_word' id='word_1_598' title='bbox 3806 3957 3824 3988; x_wconf 82' lang='lat' dir='ltr'><strong>I</strong></span> 
     </span>
    </p>
   </div>
   <div class='ocr_carea' id='block_1_86' title="bbox 2252 4047 2661 4101">
    <p class='ocr_par' dir='ltr' id='par_1_86' title="bbox 2252 4047 2661 4101">
     <span class='ocr_line' id='line_1_86' title="bbox 2252 4047 2661 4101; baseline -0.01 0"><span class='ocrx_word' id='word_1_599' title='bbox 2252 4047 2452 4101; x_wconf 86' lang='lat' dir='ltr'><strong>Aratus</strong></span> <span class='ocrx_word' id='word_1_600' title='bbox 2481 4059 2612 4099; x_wconf 90' lang='lat' dir='ltr'><strong>vero</strong></span> <span class='ocrx_word' id='word_1_601' title='bbox 2646 4061 2661 4096; x_wconf 89' lang='lat'><strong>:</strong></span> 
     </span>
    </p>
   </div>
   <div class='ocr_carea' id='block_1_87' title="bbox 2243 4144 3830 4228">
    <p class='ocr_par' dir='ltr' id='par_1_87' title="bbox 2243 4144 3830 4228">
     <span class='ocr_line' id='line_1_87' title="bbox 2243 4144 3830 4228; baseline -0.01 -16"><span class='ocrx_word' id='word_1_602' title='bbox 2243 4162 2313 4228; x_wconf 72' lang='lat' dir='ltr'><strong>At</strong></span> <span class='ocrx_word' id='word_1_603' title='bbox 2329 4157 2442 4228; x_wconf 81' lang='grc' dir='ltr'><strong>μὲν</strong></span> <span class='ocrx_word' id='word_1_604' title='bbox 2458 4157 2610 4228; x_wconf 76' lang='grc' dir='ltr'><strong>ὅμως</strong></span> <span class='ocrx_word' id='word_1_605' title='bbox 2640 4155 2833 4228; x_wconf 53' lang='grc' dir='ltr'><strong>ὀᾷίγαι</strong></span> <span class='ocrx_word' id='word_1_606' title='bbox 2859 4152 2955 4228; x_wconf 54' lang='grc' dir='ltr'><strong>περὶ</strong></span> <span class='ocrx_word' id='word_1_607' title='bbox 2970 4148 3258 4228; x_wconf 56' lang='grc' dir='ltr'><strong>ᾴφςγτέξς</strong></span> <span class='ocrx_word' id='word_1_608' title='bbox 3275 4164 3288 4177; x_wconf 87' lang='grc'><strong>·</strong></span> <span class='ocrx_word' id='word_1_609' title='bbox 3321 4147 3467 4228; x_wconf 52' lang='grc' dir='ltr'><strong>ἀζξί</strong></span> <span class='ocrx_word' id='word_1_610' title='bbox 3485 4144 3830 4212; x_wconf 75' lang='grc' dir='ltr'><strong>ὀνομαστοὶ</strong></span> 
     </span>
    </p>
   </div>
   <div class='ocr_carea' id='block_1_88' title="bbox 2244 4217 3762 4295">
    <p class='ocr_par' dir='ltr' id='par_1_88' title="bbox 2244 4217 3762 4295">
     <span class='ocr_line' id='line_1_88' title="bbox 2244 4217 3762 4295; baseline -0.011 -13"><span class='ocrx_word' id='word_1_611' title='bbox 2244 4217 2391 4295; x_wconf 78' lang='grc' dir='ltr'><strong>Ἦρι,</strong></span> <span class='ocrx_word' id='word_1_612' title='bbox 2422 4217 2518 4280; x_wconf 64' lang='lat' dir='ltr'><strong>mil</strong></span> <span class='ocrx_word' id='word_1_613' title='bbox 2543 4217 2812 4295; x_wconf 47' lang='grc' dir='ltr'><strong>ἐὰπέριίαι</strong></span> <span class='ocrx_word' id='word_1_614' title='bbox 2833 4240 2845 4252; x_wconf 82' lang='grc'><strong>-</strong></span> <span class='ocrx_word' id='word_1_615' title='bbox 2881 4217 3032 4295; x_wconf 71' lang='grc' dir='ltr'><strong>Ζεὺρ</strong></span> <span class='ocrx_word' id='word_1_616' title='bbox 3055 4217 3108 4273; x_wconf 40' lang='grc' dir='ltr'><strong>δε</strong></span> <span class='ocrx_word' id='word_1_617' title='bbox 3137 4217 3330 4295; x_wconf 60' lang='lat' dir='ltr'><strong>trinoc-</strong></span> <span class='ocrx_word' id='word_1_618' title='bbox 3352 4217 3762 4295; x_wconf 59' lang='grc' dir='ltr'><strong>εζλίσσᾳνται,</strong></span> 
     </span>
    </p>
   </div>
   <div class='ocr_carea' id='block_1_89' title="bbox 2251 4284 3745 4365">
    <p class='ocr_par' dir='ltr' id='par_1_89' title="bbox 2251 4284 3745 4365">
     <span class='ocr_line' id='line_1_89' title="bbox 2251 4284 3745 4365; baseline -0.01 -13"><span class='ocrx_word' id='word_1_619' title='bbox 2251 4284 2345 4364; x_wconf 73' lang='grc' dir='ltr'><strong>’⁸οξ</strong></span> <span class='ocrx_word' id='word_1_620' title='bbox 2367 4284 2544 4365; x_wconf 67' lang='grc' dir='ltr'><strong>ἁφίσι</strong></span> <span class='ocrx_word' id='word_1_621' title='bbox 2575 4295 2672 4348; x_wconf 81' lang='grc' dir='ltr'><strong>καὶ</strong></span> <span class='ocrx_word' id='word_1_622' title='bbox 2690 4284 2920 4361; x_wconf 52' lang='grc' dir='ltr'><strong>’θέρεοςκ</strong></span> <span class='ocrx_word' id='word_1_623' title='bbox 2945 4284 3038 4365; x_wconf 70' lang='lat' dir='ltr'><strong>aedi</strong></span> <span class='ocrx_word' id='word_1_624' title='bbox 3073 4291 3348 4365; x_wconf 57' lang='lat' dir='ltr'><strong>xelparoc</strong></span> <span class='ocrx_word' id='word_1_625' title='bbox 3373 4284 3745 4365; x_wconf 62' lang='grc' dir='ltr'><strong>ἀρχρμξνοιο</strong></span> 
     </span>
    </p>
   </div>
   <div class='ocr_carea' id='block_1_90' title="bbox 2245 4356 3742 4437">
    <p class='ocr_par' dir='ltr' id='par_1_90' title="bbox 2245 4356 3742 4437">
     <span class='ocr_line' id='line_1_90' title="bbox 2245 4356 3742 4437; baseline -0.012 -14"><span class='ocrx_word' id='word_1_626' title='bbox 2245 4356 2572 4437; x_wconf 68' lang='grc' dir='ltr'><strong>Σήμαῖνειν</strong></span> <span class='ocrx_word' id='word_1_627' title='bbox 2597 4356 2946 4427; x_wconf 76' lang='grc' dir='ltr'><strong>ἐκέλέυσέν,</strong></span> <span class='ocrx_word' id='word_1_628' title='bbox 2970 4356 3369 4430; x_wconf 66' lang='grc' dir='ltr'><strong>ἑπερχὸμένου</strong></span> <span class='ocrx_word' id='word_1_629' title='bbox 3391 4356 3436 4409; x_wconf 86' lang='grc' dir='ltr'><strong>τ’</strong></span> <span class='ocrx_word' id='word_1_630' title='bbox 3469 4356 3742 4423; x_wconf 80' lang='grc' dir='ltr'><strong>ἀρότοιο,</strong></span> 
     </span>
    </p>
   </div>
   <div class='ocr_carea' id='block_1_91' title="bbox 579 4461 2476 4549">
    <p class='ocr_par' dir='ltr' id='par_1_91' title="bbox 579 4461 2476 4549">
     <span class='ocr_line' id='line_1_91' title="bbox 579 4461 2476 4549; baseline -0.001 -17"><span class='ocrx_word' id='word_1_631' title='bbox 579 4480 755 4532; x_wconf 89' lang='lat' dir='ltr'><strong>tutino</strong></span> <span class='ocrx_word' id='word_1_632' title='bbox 776 4479 1100 4549; x_wconf 85' lang='lat' dir='ltr'><strong>crepusculo</strong></span> <span class='ocrx_word' id='word_1_633' title='bbox 1118 4477 1455 4548; x_wconf 88' lang='lat' dir='ltr'><strong>populariter</strong></span> <span class='ocrx_word' id='word_1_634' title='bbox 1484 4478 1657 4548; x_wconf 86' lang='lat' dir='ltr'><strong>accipi</strong></span> <span class='ocrx_word' id='word_1_635' title='bbox 1693 4497 1705 4532; x_wconf 91' lang='lat'><strong>:</strong></span> <span class='ocrx_word' id='word_1_636' title='bbox 1736 4478 1896 4535; x_wconf 84' lang='lat' dir='ltr'><strong>ﬁnem</strong></span> <span class='ocrx_word' id='word_1_637' title='bbox 1927 4495 2144 4549; x_wconf 88' lang='lat' dir='ltr'><strong>quoque</strong></span> <span class='ocrx_word' id='word_1_638' title='bbox 2177 4483 2221 4538; x_wconf 90' lang='lat' dir='ltr'><strong>D</strong></span> <span class='ocrx_word' id='word_1_639' title='bbox 2247 4461 2437 4517; x_wconf 64' lang='lat' dir='ltr'><strong>Cicero</strong></span> <span class='ocrx_word' id='word_1_640' title='bbox 2463 4477 2476 4514; x_wconf 75' lang='grc' dir='ltr'>ε</span> 
     </span>
    </p>
   </div>
   <div class='ocr_carea' id='block_1_92' title="bbox 579 4567 2145 4639">
    <p class='ocr_par' dir='ltr' id='par_1_92' title="bbox 579 4567 2145 4639">
     <span class='ocr_line' id='line_1_92' title="bbox 579 4567 2145 4639; baseline 0.002 -18"><span class='ocrx_word' id='word_1_641' title='bbox 579 4570 714 4623; x_wconf 90' lang='lat' dir='ltr'><strong>alias</strong></span> <span class='ocrx_word' id='word_1_642' title='bbox 736 4567 804 4622; x_wconf 89' lang='lat' dir='ltr'><strong>ab</strong></span> <span class='ocrx_word' id='word_1_643' title='bbox 827 4583 1024 4624; x_wconf 91' lang='lat' dir='ltr'><strong>occasu</strong></span> <span class='ocrx_word' id='word_1_644' title='bbox 1046 4570 1197 4632; x_wconf 82' lang='lat' dir='ltr'><strong>solis,</strong></span> <span class='ocrx_word' id='word_1_645' title='bbox 1226 4568 1361 4622; x_wconf 89' lang='lat' dir='ltr'><strong>alias</strong></span> <span class='ocrx_word' id='word_1_646' title='bbox 1390 4568 1457 4622; x_wconf 91' lang='lat' dir='ltr'><strong>ab</strong></span> <span class='ocrx_word' id='word_1_647' title='bbox 1499 4568 1768 4623; x_wconf 89' lang='lat' dir='ltr'><strong>Incidiore</strong></span> <span class='ocrx_word' id='word_1_648' title='bbox 1801 4572 2145 4639; x_wconf 86' lang='lat' dir='ltr'><strong>crepusculo.</strong></span> 
     </span>
    </p>
   </div>
   <div class='ocr_carea' id='block_1_93' title="bbox 581 4657 2146 4734">
    <p class='ocr_par' dir='ltr' id='par_1_93' title="bbox 581 4657 2146 4734">
     <span class='ocr_line' id='line_1_93' title="bbox 581 4657 2146 4734; baseline 0.003 -20"><span class='ocrx_word' id='word_1_649' title='bbox 581 4658 674 4714; x_wconf 89' lang='lat' dir='ltr'><strong>Sic</strong></span> <span class='ocrx_word' id='word_1_650' title='bbox 700 4660 916 4715; x_wconf 90' lang='lat' dir='ltr'><strong>Orionis</strong></span> <span class='ocrx_word' id='word_1_651' title='bbox 955 4661 1353 4732; x_wconf 72' lang='grc' dir='ltr'><strong>προκατάδυςιν</strong></span> <span class='ocrx_word' id='word_1_652' title='bbox 1398 4657 1540 4731; x_wconf 80' lang='grc' dir='ltr'><strong>ἑῴαν</strong></span> <span class='ocrx_word' id='word_1_653' title='bbox 1588 4661 1789 4716; x_wconf 89' lang='lat' dir='ltr'><strong>Aratus</strong></span> <span class='ocrx_word' id='word_1_654' title='bbox 1835 4661 2146 4734; x_wconf 89' lang='lat' dir='ltr'><strong>descripsit,</strong></span> 
     </span>
    </p>
   </div>
   <div class='ocr_carea' id='block_1_94' title="bbox 578 4748 1110 4825">
    <p class='ocr_par' dir='ltr' id='par_1_94' title="bbox 578 4748 1110 4825">
     <span class='ocr_line' id='line_1_94' title="bbox 578 4748 1110 4825; baseline -0.006 -17"><span class='ocrx_word' id='word_1_655' title='bbox 578 4763 641 4808; x_wconf 90' lang='lat' dir='ltr'><strong>ut</strong></span> <span class='ocrx_word' id='word_1_656' title='bbox 668 4753 886 4825; x_wconf 88' lang='lat' dir='ltr'><strong>exponit</strong></span> <span class='ocrx_word' id='word_1_657' title='bbox 915 4748 1063 4807; x_wconf 87' lang='lat' dir='ltr'><strong>Theo</strong></span> <span class='ocrx_word' id='word_1_658' title='bbox 1097 4770 1110 4805; x_wconf 90' lang='lat'><strong>:</strong></span> 
     </span>
    </p>
   </div>
   <div class='ocr_carea' id='block_1_95' title="bbox 756 4868 1712 4936">
    <p class='ocr_par' dir='ltr' id='par_1_95' title="bbox 756 4868 1712 4936">
     <span class='ocr_line' id='line_1_95' title="bbox 756 4868 1712 4936; baseline -0.002 -14"><span class='ocrx_word' id='word_1_659' title='bbox 756 4908 772 4922; x_wconf 90' lang='lat'><strong>.</strong></span> <span class='ocrx_word' id='word_1_660' title='bbox 849 4907 866 4924; x_wconf 93' lang='lat'><strong>.</strong></span> <span class='ocrx_word' id='word_1_661' title='bbox 945 4909 958 4922; x_wconf 91' lang='lat'><strong>.</strong></span> <span class='ocrx_word' id='word_1_662' title='bbox 1034 4872 1067 4922; x_wconf 83' lang='grc' dir='ltr'><strong><em>ό</em></strong></span> <span class='ocrx_word' id='word_1_663' title='bbox 1094 4869 1162 4921; x_wconf 84' lang='grc' dir='ltr'><strong>δὲ</strong></span> <span class='ocrx_word' id='word_1_664' title='bbox 1201 4868 1403 4924; x_wconf 79' lang='grc' dir='ltr'><strong>δύεται</strong></span> <span class='ocrx_word' id='word_1_665' title='bbox 1429 4869 1574 4936; x_wconf 80' lang='grc' dir='ltr'><strong>ἠῶθι</strong></span> <span class='ocrx_word' id='word_1_666' title='bbox 1601 4868 1712 4936; x_wconf 81' lang='grc' dir='ltr'><strong>πρὸ</strong></span> 
     </span>
    </p>
   </div>
   <div class='ocr_carea' id='block_1_96' title="bbox 768 4937 1336 5007">
    <p class='ocr_par' dir='ltr' id='par_1_96' title="bbox 768 4937 1336 5007">
     <span class='ocr_line' id='line_1_96' title="bbox 768 4937 1336 5007; baseline 0.002 -16"><span class='ocrx_word' id='word_1_667' title='bbox 768 4938 998 5006; x_wconf 83' lang='grc' dir='ltr'><strong>Ἀθρόος</strong></span> <span class='ocrx_word' id='word_1_668' title='bbox 1039 4937 1262 5007; x_wconf 82' lang='grc' dir='ltr'><strong>Ὠρίων.</strong></span> <span class='ocrx_word' id='word_1_669' title='bbox 1275 4978 1310 4992; x_wconf 91' lang='grc'><strong>..</strong></span> <span class='ocrx_word' id='word_1_670' title='bbox 1323 4979 1336 4992; x_wconf 94' lang='grc'><strong>.</strong></span> 
     </span>
    </p>
   </div>
   <div class='ocr_carea' id='block_1_97' title="bbox 580 5047 2153 5120">
    <p class='ocr_par' dir='ltr' id='par_1_97' title="bbox 580 5047 2153 5120">
     <span class='ocr_line' id='line_1_97' title="bbox 580 5047 2153 5120; baseline 0.002 -18"><span class='ocrx_word' id='word_1_671' title='bbox 580 5047 823 5102; x_wconf 79' lang='grc' dir='ltr'><strong>τουτέστι</strong></span> <span class='ocrx_word' id='word_1_672' title='bbox 852 5050 957 5120; x_wconf 85' lang='grc' dir='ltr'><strong>πρὸ</strong></span> <span class='ocrx_word' id='word_1_673' title='bbox 991 5050 1086 5119; x_wconf 84' lang='grc' dir='ltr'><strong>τῆς</strong></span> <span class='ocrx_word' id='word_1_674' title='bbox 1111 5049 1260 5120; x_wconf 71' lang='grc' dir='ltr'><strong>ἠοῦς,</strong></span> <span class='ocrx_word' id='word_1_675' title='bbox 1301 5068 1319 5101; x_wconf 73' lang='grc' dir='ltr'><strong>ι</strong></span> <span class='ocrx_word' id='word_1_676' title='bbox 1361 5057 1486 5104; x_wconf 88' lang='lat' dir='ltr'><strong>ante</strong></span> <span class='ocrx_word' id='word_1_677' title='bbox 1524 5065 1799 5105; x_wconf 86' lang='lat' dir='ltr'><strong>auroram.</strong></span> <span class='ocrx_word' id='word_1_678' title='bbox 1838 5069 1857 5100; x_wconf 77' lang='grc' dir='ltr'><strong>ι</strong></span> <span class='ocrx_word' id='word_1_679' title='bbox 1893 5047 2052 5114; x_wconf 83' lang='lat' dir='ltr'><strong>Hinc,</strong></span> <span class='ocrx_word' id='word_1_680' title='bbox 2090 5057 2153 5104; x_wconf 85' lang='lat' dir='ltr'><strong>ut</strong></span> 
     </span>
    </p>
   </div>
   <div class='ocr_carea' id='block_1_98' title="bbox 580 5138 2150 5211">
    <p class='ocr_par' dir='ltr' id='par_1_98' title="bbox 580 5138 2150 5211">
     <span class='ocr_line' id='line_1_98' title="bbox 580 5138 2150 5211; baseline 0 -18"><span class='ocrx_word' id='word_1_681' title='bbox 580 5138 728 5211; x_wconf 89' lang='lat' dir='ltr'><strong>quod</strong></span> <span class='ocrx_word' id='word_1_682' title='bbox 783 5154 1010 5210; x_wconf 70' lang='lat' dir='ltr'><strong>quaeque</strong></span> <span class='ocrx_word' id='word_1_683' title='bbox 1057 5141 1211 5194; x_wconf 92' lang='lat' dir='ltr'><strong>stella</strong></span> <span class='ocrx_word' id='word_1_684' title='bbox 1255 5141 1578 5195; x_wconf 90' lang='lat' dir='ltr'><strong>alterutrum</strong></span> <span class='ocrx_word' id='word_1_685' title='bbox 1626 5141 1880 5211; x_wconf 76' lang='lat' dir='ltr'><strong>praecedit</strong></span> <span class='ocrx_word' id='word_1_686' title='bbox 1937 5140 2150 5195; x_wconf 90' lang='lat' dir='ltr'><strong>initium</strong></span> 
     </span>
    </p>
   </div>
   <div class='ocr_carea' id='block_1_99' title="bbox 581 5229 2150 5299">
    <p class='ocr_par' dir='ltr' id='par_1_99' title="bbox 581 5229 2150 5299">
     <span class='ocr_line' id='line_1_99' title="bbox 581 5229 2150 5299; baseline 0 -16"><span class='ocrx_word' id='word_1_687' title='bbox 581 5229 808 5284; x_wconf 77' lang='lat' dir='ltr'><strong>ﬁnemve</strong></span> <span class='ocrx_word' id='word_1_688' title='bbox 866 5229 1132 5299; x_wconf 87' lang='lat' dir='ltr'><strong>sequitur,</strong></span> <span class='ocrx_word' id='word_1_689' title='bbox 1188 5238 1258 5282; x_wconf 81' lang='lat' dir='ltr'><strong>ita</strong></span> <span class='ocrx_word' id='word_1_690' title='bbox 1293 5229 1411 5298; x_wconf 80' lang='lat' dir='ltr'><strong>eius</strong></span> <span class='ocrx_word' id='word_1_691' title='bbox 1460 5230 1688 5284; x_wconf 84' lang='lat' dir='ltr'><strong>orientis</strong></span> <span class='ocrx_word' id='word_1_692' title='bbox 1720 5230 1806 5284; x_wconf 90' lang='lat' dir='ltr'><strong>vel</strong></span> <span class='ocrx_word' id='word_1_693' title='bbox 1849 5229 2150 5284; x_wconf 89' lang='lat' dir='ltr'><strong>occidentis</strong></span> 
     </span>
    </p>
   </div>
   <div class='ocr_carea' id='block_1_100' title="bbox 582 5319 1587 5391">
    <p class='ocr_par' dir='ltr' id='par_1_100' title="bbox 582 5319 1587 5391">
     <span class='ocr_line' id='line_1_100' title="bbox 582 5319 1587 5391; baseline 0.001 -17"><span class='ocrx_word' id='word_1_694' title='bbox 582 5319 794 5375; x_wconf 87' lang='lat' dir='ltr'><strong>diversa</strong></span> <span class='ocrx_word' id='word_1_695' title='bbox 825 5321 999 5391; x_wconf 90' lang='lat' dir='ltr'><strong>spatia</strong></span> <span class='ocrx_word' id='word_1_696' title='bbox 1024 5321 1284 5375; x_wconf 90' lang='lat' dir='ltr'><strong>constitui</strong></span> <span class='ocrx_word' id='word_1_697' title='bbox 1321 5321 1587 5376; x_wconf 88' lang='lat' dir='ltr'><strong>solebant.</strong></span> 
     </span>
    </p>
   </div>
   <div class='ocr_carea' id='block_1_101' title="bbox 650 5409 2150 5475">
    <p class='ocr_par' dir='ltr' id='par_1_101' title="bbox 650 5409 2150 5475">
     <span class='ocr_line' id='line_1_101' title="bbox 650 5409 2150 5475; baseline 0.001 -12"><span class='ocrx_word' id='word_1_698' title='bbox 650 5409 917 5467; x_wconf 83' lang='lat' dir='ltr'><strong>Praeterea</strong></span> <span class='ocrx_word' id='word_1_699' title='bbox 949 5412 1135 5468; x_wconf 91' lang='lat' dir='ltr'><strong>docuit</strong></span> <span class='ocrx_word' id='word_1_700' title='bbox 1165 5428 1268 5468; x_wconf 91' lang='lat' dir='ltr'><strong>nos</strong></span> <span class='ocrx_word' id='word_1_701' title='bbox 1311 5411 1638 5467; x_wconf 87' lang='lat' dir='ltr'><strong>Godefridus</strong></span> <span class='ocrx_word' id='word_1_702' title='bbox 1671 5410 2031 5475; x_wconf 90' lang='lat' dir='ltr'><strong>Vendelinus,</strong></span> <span class='ocrx_word' id='word_1_703' title='bbox 2065 5411 2150 5465; x_wconf 87' lang='lat' dir='ltr'><strong>vir</strong></span> 
     </span>
    </p>
   </div>
   <div class='ocr_carea' id='block_1_102' title="bbox 582 5503 2150 5573">
    <p class='ocr_par' dir='ltr' id='par_1_102' title="bbox 582 5503 2150 5573">
     <span class='ocr_line' id='line_1_102' title="bbox 582 5503 2150 5573; baseline -0.001 -17"><span class='ocrx_word' id='word_1_704' title='bbox 582 5503 640 5556; x_wconf 92' lang='lat' dir='ltr'><strong>in</strong></span> <span class='ocrx_word' id='word_1_705' title='bbox 669 5504 754 5559; x_wconf 88' lang='lat' dir='ltr'><strong>his</strong></span> <span class='ocrx_word' id='word_1_706' title='bbox 769 5503 1076 5573; x_wconf 90' lang='lat' dir='ltr'><strong>disciplinis</strong></span> <span class='ocrx_word' id='word_1_707' title='bbox 1106 5504 1352 5573; x_wconf 90' lang='lat' dir='ltr'><strong>apprime</strong></span> <span class='ocrx_word' id='word_1_708' title='bbox 1387 5503 1582 5558; x_wconf 88' lang='lat' dir='ltr'><strong>doctus</strong></span> <span class='ocrx_word' id='word_1_709' title='bbox 1627 5518 1691 5558; x_wconf 86' lang='lat' dir='ltr'><strong>ac</strong></span> <span class='ocrx_word' id='word_1_710' title='bbox 1712 5503 2017 5558; x_wconf 72' lang='lat' dir='ltr'><strong>cmlestium</strong></span> <span class='ocrx_word' id='word_1_711' title='bbox 2053 5503 2150 5555; x_wconf 86' lang='lat' dir='ltr'><strong>ob-</strong></span> 
     </span>
    </p>
   </div>
   <div class='ocr_carea' id='block_1_103' title="bbox 585 5593 2150 5663">
    <p class='ocr_par' dir='ltr' id='par_1_103' title="bbox 585 5593 2150 5663">
     <span class='ocr_line' id='line_1_103' title="bbox 585 5593 2150 5663; baseline -0.001 -16"><span class='ocrx_word' id='word_1_712' title='bbox 585 5595 952 5649; x_wconf 88' lang='lat' dir='ltr'><strong>servationum</strong></span> <span class='ocrx_word' id='word_1_713' title='bbox 986 5611 1087 5650; x_wconf 92' lang='lat' dir='ltr'><strong>usu</strong></span> <span class='ocrx_word' id='word_1_714' title='bbox 1118 5594 1372 5660; x_wconf 74' lang='lat' dir='ltr'><strong>detritus,</strong></span> <span class='ocrx_word' id='word_1_715' title='bbox 1411 5593 1854 5649; x_wconf 90' lang='lat' dir='ltr'><strong>animadversum</strong></span> <span class='ocrx_word' id='word_1_716' title='bbox 1879 5609 1909 5647; x_wconf 88' lang='lat' dir='ltr'><strong>a</strong></span> <span class='ocrx_word' id='word_1_717' title='bbox 1940 5610 1998 5649; x_wconf 89' lang='lat' dir='ltr'><strong>se</strong></span> <span class='ocrx_word' id='word_1_718' title='bbox 2025 5609 2150 5663; x_wconf 89' lang='lat' dir='ltr'><strong>par-</strong></span> 
     </span>
    </p>
   </div>
   <div class='ocr_carea' id='block_1_104' title="bbox 585 5683 2146 5756">
    <p class='ocr_par' dir='ltr' id='par_1_104' title="bbox 585 5683 2146 5756">
     <span class='ocr_line' id='line_1_104' title="bbox 585 5683 2146 5756; baseline 0.003 -23"><span class='ocrx_word' id='word_1_719' title='bbox 585 5683 682 5734; x_wconf 90' lang='lat' dir='ltr'><strong>tim</strong></span> <span class='ocrx_word' id='word_1_720' title='bbox 735 5685 790 5738; x_wconf 93' lang='lat' dir='ltr'><strong>in</strong></span> <span class='ocrx_word' id='word_1_721' title='bbox 837 5685 1162 5742; x_wconf 88' lang='lat' dir='ltr'><strong>Massiliensi</strong></span> <span class='ocrx_word' id='word_1_722' title='bbox 1217 5687 1518 5756; x_wconf 89' lang='lat' dir='ltr'><strong>provincia,</strong></span> <span class='ocrx_word' id='word_1_723' title='bbox 1569 5688 1767 5756; x_wconf 91' lang='lat' dir='ltr'><strong>partim</strong></span> <span class='ocrx_word' id='word_1_724' title='bbox 1820 5685 1874 5738; x_wconf 92' lang='lat' dir='ltr'><strong>in</strong></span> <span class='ocrx_word' id='word_1_725' title='bbox 1937 5685 2146 5756; x_wconf 88' lang='lat' dir='ltr'><strong>Belgio,</strong></span> 
     </span>
    </p>
   </div>
   <div class='ocr_carea' id='block_1_105' title="bbox 585 5773 2148 5843">
    <p class='ocr_par' dir='ltr' id='par_1_105' title="bbox 585 5773 2148 5843">
     <span class='ocr_line' id='line_1_105' title="bbox 585 5773 2148 5843; baseline 0.001 -15"><span class='ocrx_word' id='word_1_726' title='bbox 585 5773 788 5829; x_wconf 62' lang='lat' dir='ltr'><strong>astivis</strong></span> <span class='ocrx_word' id='word_1_727' title='bbox 838 5775 1028 5834; x_wconf 89' lang='lat' dir='ltr'><strong>diebus</strong></span> <span class='ocrx_word' id='word_1_728' title='bbox 1049 5785 1102 5833; x_wconf 91' lang='lat' dir='ltr'><strong>ct</strong></span> <span class='ocrx_word' id='word_1_729' title='bbox 1140 5787 1422 5843; x_wconf 90' lang='lat' dir='ltr'><strong>autumno,</strong></span> <span class='ocrx_word' id='word_1_730' title='bbox 1456 5792 1578 5833; x_wconf 91' lang='lat' dir='ltr'><strong>cum</strong></span> <span class='ocrx_word' id='word_1_731' title='bbox 1623 5791 1880 5833; x_wconf 88' lang='lat' dir='ltr'><strong>serenum</strong></span> <span class='ocrx_word' id='word_1_732' title='bbox 1917 5778 2148 5831; x_wconf 83' lang='lat' dir='ltr'><strong>maxime</strong></span> 
     </span>
    </p>
   </div>
   <div class='ocr_carea' id='block_1_106' title="bbox 2323 4544 3658 4620">
    <p class='ocr_par' dir='ltr' id='par_1_106' title="bbox 2323 4544 3658 4620">
     <span class='ocr_line' id='line_1_106' title="bbox 2323 4544 3658 4620; baseline -0.012 -14"><span class='ocrx_word' id='word_1_733' title='bbox 2323 4554 2392 4606; x_wconf 79' lang='lat' dir='ltr'><strong>At</strong></span> <span class='ocrx_word' id='word_1_734' title='bbox 2424 4561 2667 4620; x_wconf 83' lang='lat' dir='ltr'><strong>magnum</strong></span> <span class='ocrx_word' id='word_1_735' title='bbox 2698 4559 2883 4620; x_wconf 77' lang='lat' dir='ltr'><strong>nomen</strong></span> <span class='ocrx_word' id='word_1_736' title='bbox 2903 4545 3065 4620; x_wconf 83' lang='lat' dir='ltr'><strong>signi._</strong></span> <span class='ocrx_word' id='word_1_737' title='bbox 3085 4544 3386 4620; x_wconf 73' lang='lat' dir='ltr'><strong>clarumque</strong></span> <span class='ocrx_word' id='word_1_738' title='bbox 3416 4548 3658 4620; x_wconf 65' lang='lat' dir='ltr'><strong>vocatur,</strong></span> 
     </span>
    </p>
   </div>
   <div class='ocr_carea' id='block_1_107' title="bbox 2333 4610 3666 4689">
    <p class='ocr_par' dir='ltr' id='par_1_107' title="bbox 2333 4610 3666 4689">
     <span class='ocr_line' id='line_1_107' title="bbox 2333 4610 3666 4689; baseline -0.011 -14"><span class='ocrx_word' id='word_1_739' title='bbox 2333 4610 2632 4689; x_wconf 59' lang='lat' dir='ltr'><strong>Propterea,</strong></span> <span class='ocrx_word' id='word_1_740' title='bbox 2667 4619 2801 4686; x_wconf 87' lang='lat' dir='ltr'><strong>quod</strong></span> <span class='ocrx_word' id='word_1_741' title='bbox 2826 4629 2874 4671; x_wconf 85' lang='lat' dir='ltr'><strong>et</strong></span> <span class='ocrx_word' id='word_1_742' title='bbox 2897 4610 3092 4689; x_wconf 69' lang='lat' dir='ltr'><strong>testati:</strong></span> <span class='ocrx_word' id='word_1_743' title='bbox 3123 4612 3414 4689; x_wconf 64' lang='lat' dir='ltr'><strong>primordia</strong></span> <span class='ocrx_word' id='word_1_744' title='bbox 3435 4610 3666 4672; x_wconf 83' lang='lat' dir='ltr'><strong>clarent,</strong></span> 
     </span>
    </p>
   </div>
   <div class='ocr_carea' id='block_1_108' title="bbox 2322 4683 3622 4758">
    <p class='ocr_par' dir='ltr' id='par_1_108' title="bbox 2322 4683 3622 4758">
     <span class='ocr_line' id='line_1_108' title="bbox 2322 4683 3622 4758; baseline -0.01 -14"><span class='ocrx_word' id='word_1_745' title='bbox 2322 4683 2390 4744; x_wconf 79' lang='lat' dir='ltr'><strong>Et</strong></span> <span class='ocrx_word' id='word_1_746' title='bbox 2422 4683 2538 4758; x_wconf 73' lang='lat' dir='ltr'><strong>post</strong></span> <span class='ocrx_word' id='word_1_747' title='bbox 2571 4683 2770 4743; x_wconf 80' lang='lat' dir='ltr'><strong>hiberni</strong></span> <span class='ocrx_word' id='word_1_748' title='bbox 2802 4686 3142 4755; x_wconf 80' lang='lat' dir='ltr'><strong>prwpandens</strong></span> <span class='ocrx_word' id='word_1_749' title='bbox 3163 4753 3172 4758; x_wconf 30' lang='grc' dir='ltr'><strong>Α</strong></span> <span class='ocrx_word' id='word_1_750' title='bbox 3194 4684 3438 4758; x_wconf 75' lang='lat' dir='ltr'><strong>temporis</strong></span> <span class='ocrx_word' id='word_1_751' title='bbox 3471 4690 3622 4758; x_wconf 72' lang='lat' dir='ltr'><strong>ortus</strong></span> 
     </span>
    </p>
   </div>
   <div class='ocr_carea' id='block_1_109' title="bbox 2321 4749 3666 4825">
    <p class='ocr_par' dir='ltr' id='par_1_109' title="bbox 2321 4749 3666 4825">
     <span class='ocr_line' id='line_1_109' title="bbox 2321 4749 3666 4825; baseline -0.01 -9"><span class='ocrx_word' id='word_1_752' title='bbox 2321 4749 2598 4825; x_wconf 71' lang='lat' dir='ltr'><strong>Admonet,</strong></span> <span class='ocrx_word' id='word_1_753' title='bbox 2626 4770 2684 4813; x_wconf 83' lang='lat' dir='ltr'><strong>ut</strong></span> <span class='ocrx_word' id='word_1_754' title='bbox 2707 4749 2950 4812; x_wconf 68' lang='lat' dir='ltr'><strong>mandem</strong></span> <span class='ocrx_word' id='word_1_755' title='bbox 2981 4753 3227 4809; x_wconf 84' lang='lat' dir='ltr'><strong>mortales</strong></span> <span class='ocrx_word' id='word_1_756' title='bbox 3258 4752 3454 4806; x_wconf 79' lang='lat' dir='ltr'><strong>semina</strong></span> <span class='ocrx_word' id='word_1_757' title='bbox 3481 4749 3666 4803; x_wconf 84' lang='lat' dir='ltr'><strong>terris.</strong></span> 
     </span>
    </p>
   </div>
   <div class='ocr_carea' id='block_1_110' title="bbox 2325 4859 3829 4931">
    <p class='ocr_par' dir='ltr' id='par_1_110' title="bbox 2325 4859 3829 4931">
     <span class='ocr_line' id='line_1_110' title="bbox 2325 4859 3829 4931; baseline -0.01 0"><span class='ocrx_word' id='word_1_758' title='bbox 2325 4875 2434 4931; x_wconf 89' lang='lat' dir='ltr'><strong>Sed</strong></span> <span class='ocrx_word' id='word_1_759' title='bbox 2470 4874 2739 4930; x_wconf 90' lang='lat' dir='ltr'><strong>matutino</strong></span> <span class='ocrx_word' id='word_1_760' title='bbox 2787 4871 2841 4927; x_wconf 90' lang='lat' dir='ltr'><strong>id</strong></span> <span class='ocrx_word' id='word_1_761' title='bbox 2863 4878 2986 4926; x_wconf 89' lang='lat' dir='ltr'><strong>ortu</strong></span> <span class='ocrx_word' id='word_1_762' title='bbox 3010 4878 3065 4924; x_wconf 92' lang='lat' dir='ltr'><strong>et</strong></span> <span class='ocrx_word' id='word_1_763' title='bbox 3095 4882 3295 4923; x_wconf 89' lang='lat' dir='ltr'><strong>occasu</strong></span> <span class='ocrx_word' id='word_1_764' title='bbox 3324 4863 3500 4918; x_wconf 89' lang='lat' dir='ltr'><strong>facere</strong></span> <span class='ocrx_word' id='word_1_765' title='bbox 3530 4859 3829 4931; x_wconf 73' lang='lat' dir='ltr'><strong>Vergilias.</strong></span> 
     </span>
    </p>
   </div>
   <div class='ocr_carea' id='block_1_111' title="bbox 2255 4952 3830 5034">
    <p class='ocr_par' dir='ltr' id='par_1_111' title="bbox 2255 4952 3830 5034">
     <span class='ocr_line' id='line_1_111' title="bbox 2255 4952 3830 5034; baseline -0.011 -10"><span class='ocrx_word' id='word_1_766' title='bbox 2255 4970 2454 5025; x_wconf 88' lang='lat' dir='ltr'><strong>Aratus</strong></span> <span class='ocrx_word' id='word_1_767' title='bbox 2511 4967 2733 5033; x_wconf 92' lang='lat' dir='ltr'><strong>cecinit,</strong></span> <span class='ocrx_word' id='word_1_768' title='bbox 2789 4981 2900 5020; x_wconf 90' lang='lat' dir='ltr'><strong>non</strong></span> <span class='ocrx_word' id='word_1_769' title='bbox 2952 4963 3211 5034; x_wconf 89' lang='lat' dir='ltr'><strong>exprimit</strong></span> <span class='ocrx_word' id='word_1_770' title='bbox 3257 4961 3468 5014; x_wconf 81' lang='lat' dir='ltr'><strong>Cicero.</strong></span> <span class='ocrx_word' id='word_1_771' title='bbox 3501 4956 3577 5008; x_wconf 90' lang='lat' dir='ltr'><strong>At</strong></span> <span class='ocrx_word' id='word_1_772' title='bbox 3628 4952 3830 5010; x_wconf 79' lang='lat' dir='ltr'><strong>Festus</strong></span> 
     </span>
    </p>
   </div>
   <div class='ocr_carea' id='block_1_112' title="bbox 2252 5047 3540 5130">
    <p class='ocr_par' dir='ltr' id='par_1_112' title="bbox 2252 5047 3540 5130">
     <span class='ocr_line' id='line_1_112' title="bbox 2252 5047 3540 5130; baseline -0.012 -16"><span class='ocrx_word' id='word_1_773' title='bbox 2252 5060 2490 5117; x_wconf 86' lang='lat' dir='ltr'><strong>Avienus</strong></span> <span class='ocrx_word' id='word_1_774' title='bbox 2518 5060 2623 5117; x_wconf 88' lang='lat' dir='ltr'><strong>hoc</strong></span> <span class='ocrx_word' id='word_1_775' title='bbox 2666 5057 3113 5130; x_wconf 87' lang='lat' dir='ltr'><strong>interpretatione</strong></span> <span class='ocrx_word' id='word_1_776' title='bbox 3142 5068 3242 5108; x_wconf 90' lang='lat' dir='ltr'><strong>sua</strong></span> <span class='ocrx_word' id='word_1_777' title='bbox 3269 5047 3540 5106; x_wconf 88' lang='lat' dir='ltr'><strong>reddidit:</strong></span> 
     </span>
    </p>
   </div>
   <div class='ocr_carea' id='block_1_113' title="bbox 2396 5162 3511 5240">
    <p class='ocr_par' dir='ltr' id='par_1_113' title="bbox 2396 5162 3511 5240">
     <span class='ocr_line' id='line_1_113' title="bbox 2396 5162 3511 5240; baseline -0.013 -12"><span class='ocrx_word' id='word_1_778' title='bbox 2396 5215 2410 5228; x_wconf 94' lang='lat'><strong>.</strong></span> <span class='ocrx_word' id='word_1_779' title='bbox 2489 5216 2502 5229; x_wconf 96' lang='lat'><strong>.</strong></span> <span class='ocrx_word' id='word_1_780' title='bbox 2582 5216 2597 5230; x_wconf 93' lang='lat'><strong>.</strong></span> <span class='ocrx_word' id='word_1_781' title='bbox 2675 5217 2688 5228; x_wconf 94' lang='lat'><strong>.</strong></span> <span class='ocrx_word' id='word_1_782' title='bbox 2767 5171 2910 5226; x_wconf 89' lang='lat' dir='ltr'><strong>Nam</strong></span> <span class='ocrx_word' id='word_1_783' title='bbox 2937 5171 2984 5224; x_wconf 85' lang='lat' dir='ltr'><strong>si</strong></span> <span class='ocrx_word' id='word_1_784' title='bbox 3013 5186 3066 5223; x_wconf 88' lang='lat' dir='ltr'><strong>se</strong></span> <span class='ocrx_word' id='word_1_785' title='bbox 3093 5162 3511 5240; x_wconf 70' lang='lat' dir='ltr'><strong>gurgitetpllunt</strong></span> 
     </span>
    </p>
   </div>
   <div class='ocr_carea' id='block_1_114' title="bbox 2331 5233 3485 5317">
    <p class='ocr_par' dir='ltr' id='par_1_114' title="bbox 2331 5233 3485 5317">
     <span class='ocr_line' id='line_1_114' title="bbox 2331 5233 3485 5317; baseline -0.015 -16"><span class='ocrx_word' id='word_1_786' title='bbox 2331 5245 2597 5317; x_wconf 61' lang='lat' dir='ltr'><strong>Vergiliae,</strong></span> <span class='ocrx_word' id='word_1_787' title='bbox 2628 5261 2818 5317; x_wconf 59' lang='lat' dir='ltr'><strong>curvus</strong></span> <span class='ocrx_word' id='word_1_788' title='bbox 2847 5243 2902 5295; x_wconf 87' lang='lat' dir='ltr'><strong>in</strong></span> <span class='ocrx_word' id='word_1_789' title='bbox 2922 5242 3063 5317; x_wconf 77' lang='lat' dir='ltr'><strong>flava</strong></span> <span class='ocrx_word' id='word_1_790' title='bbox 3091 5233 3300 5292; x_wconf 68' lang='lat' dir='ltr'><strong>novalia</strong></span> <span class='ocrx_word' id='word_1_791' title='bbox 3325 5233 3485 5317; x_wconf 57' lang='lat' dir='ltr'><strong>[alces</strong></span> 
     </span>
    </p>
   </div>
   <div class='ocr_carea' id='block_1_115' title="bbox 2323 5307 3614 5378">
    <p class='ocr_par' dir='ltr' id='par_1_115' title="bbox 2323 5307 3614 5378">
     <span class='ocr_line' id='line_1_115' title="bbox 2323 5307 3614 5378; baseline -0.007 -9"><span class='ocrx_word' id='word_1_792' title='bbox 2323 5307 2732 5370; x_wconf 27' lang='lat' dir='ltr'><strong>Exercere—dies.</strong></span> <span class='ocrx_word' id='word_1_793' title='bbox 2757 5314 2816 5367; x_wconf 91' lang='lat' dir='ltr'><strong>Si</strong></span> <span class='ocrx_word' id='word_1_794' title='bbox 2832 5307 3058 5365; x_wconf 70' lang='lat' dir='ltr'><strong>condunt</strong></span> <span class='ocrx_word' id='word_1_795' title='bbox 3086 5323 3290 5378; x_wconf 69' lang='lat' dir='ltr'><strong>aequore</strong></span> <span class='ocrx_word' id='word_1_796' title='bbox 3319 5307 3570 5373; x_wconf 79' lang='lat' dir='ltr'><strong>ﬂammas</strong></span> <span class='ocrx_word' id='word_1_797' title='bbox 3597 5338 3614 5360; x_wconf 71' lang='grc'><strong>9</strong></span> 
     </span>
    </p>
   </div>
   <div class='ocr_carea' id='block_1_116' title="bbox 2325 5379 3616 5468">
    <p class='ocr_par' dir='ltr' id='par_1_116' title="bbox 2325 5379 3616 5468">
     <span class='ocr_line' id='line_1_116' title="bbox 2325 5379 3616 5468; baseline -0.014 -28"><span class='ocrx_word' id='word_1_798' title='bbox 2325 5381 2588 5440; x_wconf 80' lang='lat' dir='ltr'><strong>Tellurem</strong></span> <span class='ocrx_word' id='word_1_799' title='bbox 2617 5400 2795 5468; x_wconf 44' lang='lat' dir='ltr'><strong>presio</strong></span> <span class='ocrx_word' id='word_1_800' title='bbox 2817 5379 3151 5451; x_wconf 80' lang='lat' dir='ltr'><strong>proscindere</strong></span> <span class='ocrx_word' id='word_1_801' title='bbox 3175 5389 3374 5444; x_wconf 82' lang='lat' dir='ltr'><strong>tempus</strong></span> <span class='ocrx_word' id='word_1_802' title='bbox 3405 5381 3616 5426; x_wconf 85' lang='lat' dir='ltr'><strong>aratro.</strong></span> 
     </span>
    </p>
   </div>
   <div class='ocr_carea' id='block_1_117' title="bbox 2321 5482 3837 5567">
    <p class='ocr_par' dir='ltr' id='par_1_117' title="bbox 2321 5482 3837 5567">
     <span class='ocr_line' id='line_1_117' title="bbox 2321 5482 3837 5567; baseline -0.013 -16"><span class='ocrx_word' id='word_1_803' title='bbox 2321 5497 2448 5553; x_wconf 69' lang='lat' dir='ltr'><strong>Haac</strong></span> <span class='ocrx_word' id='word_1_804' title='bbox 2489 5497 2616 5552; x_wconf 84' lang='lat' dir='ltr'><strong>anni</strong></span> <span class='ocrx_word' id='word_1_805' title='bbox 2643 5497 2903 5567; x_wconf 89' lang='lat' dir='ltr'><strong>bipartita</strong></span> <span class='ocrx_word' id='word_1_806' title='bbox 2934 5492 3252 5550; x_wconf 89' lang='lat' dir='ltr'><strong>distributio</strong></span> <span class='ocrx_word' id='word_1_807' title='bbox 3285 5483 3575 5542; x_wconf 89' lang='lat' dir='ltr'><strong>commode</strong></span> <span class='ocrx_word' id='word_1_808' title='bbox 3607 5489 3664 5537; x_wconf 88' lang='lat' dir='ltr'><strong>et</strong></span> <span class='ocrx_word' id='word_1_809' title='bbox 3697 5482 3837 5533; x_wconf 74' lang='grc' dir='ltr'><strong>πλα-</strong></span> 
     </span>
    </p>
   </div>
   <div class='ocr_carea' id='block_1_118' title="bbox 2251 5571 3839 5659">
    <p class='ocr_par' dir='ltr' id='par_1_118' title="bbox 2251 5571 3839 5659">
     <span class='ocr_line' id='line_1_118' title="bbox 2251 5571 3839 5659; baseline -0.013 -16"><span class='ocrx_word' id='word_1_810' title='bbox 2251 5591 2428 5654; x_wconf 85' lang='grc' dir='ltr'><strong>τυκῶς</strong></span> <span class='ocrx_word' id='word_1_811' title='bbox 2472 5589 2790 5659; x_wconf 87' lang='lat' dir='ltr'><strong>accipienda</strong></span> <span class='ocrx_word' id='word_1_812' title='bbox 2818 5595 2920 5650; x_wconf 91' lang='lat' dir='ltr'><strong>est,</strong></span> <span class='ocrx_word' id='word_1_813' title='bbox 2959 5600 3070 5638; x_wconf 90' lang='lat' dir='ltr'><strong>non</strong></span> <span class='ocrx_word' id='word_1_814' title='bbox 3107 5582 3332 5654; x_wconf 67' lang='lat' dir='ltr'><strong>praecise</strong></span> <span class='ocrx_word' id='word_1_815' title='bbox 3373 5591 3437 5630; x_wconf 89' lang='lat' dir='ltr'><strong>ac</strong></span> <span class='ocrx_word' id='word_1_816' title='bbox 3479 5571 3684 5643; x_wconf 84' lang='lat' dir='ltr'><strong>rigide.</strong></span> <span class='ocrx_word' id='word_1_817' title='bbox 3715 5572 3839 5623; x_wconf 79' lang='lat' dir='ltr'><strong>Non</strong></span> 
     </span>
    </p>
   </div>
   <div class='ocr_carea' id='block_1_119' title="bbox 2253 5670 3838 5746">
    <p class='ocr_par' dir='ltr' id='par_1_119' title="bbox 2253 5670 3838 5746">
     <span class='ocr_line' id='line_1_119' title="bbox 2253 5670 3838 5746; baseline -0.015 -9"><span class='ocrx_word' id='word_1_818' title='bbox 2253 5684 2399 5737; x_wconf 91' lang='lat' dir='ltr'><strong>enim</strong></span> <span class='ocrx_word' id='word_1_819' title='bbox 2433 5691 2626 5739; x_wconf 78' lang='lat' dir='ltr'><strong>exacte</strong></span> <span class='ocrx_word' id='word_1_820' title='bbox 2660 5695 2905 5736; x_wconf 88' lang='lat' dir='ltr'><strong>annuum</strong></span> <span class='ocrx_word' id='word_1_821' title='bbox 2939 5677 3176 5746; x_wconf 88' lang='lat' dir='ltr'><strong>spatium</strong></span> <span class='ocrx_word' id='word_1_822' title='bbox 3207 5674 3424 5728; x_wconf 83' lang='lat' dir='ltr'><strong>illarum</strong></span> <span class='ocrx_word' id='word_1_823' title='bbox 3458 5674 3609 5730; x_wconf 90' lang='lat' dir='ltr'><strong>ortu,</strong></span> <span class='ocrx_word' id='word_1_824' title='bbox 3643 5670 3702 5717; x_wconf 89' lang='lat' dir='ltr'><strong>et</strong></span> <span class='ocrx_word' id='word_1_825' title='bbox 3745 5678 3838 5716; x_wconf 84' lang='lat' dir='ltr'><strong>oc—</strong></span> 
     </span>
    </p>
   </div>
   <div class='ocr_carea' id='block_1_120' title="bbox 2254 5752 3840 5835">
    <p class='ocr_par' dir='ltr' id='par_1_120' title="bbox 2254 5752 3840 5835">
     <span class='ocr_line' id='line_1_120' title="bbox 2254 5752 3840 5835; baseline -0.015 -6"><span class='ocrx_word' id='word_1_826' title='bbox 2254 5789 2384 5831; x_wconf 90' lang='lat' dir='ltr'><strong>casu</strong></span> <span class='ocrx_word' id='word_1_827' title='bbox 2410 5773 2656 5828; x_wconf 83' lang='lat' dir='ltr'><strong>bifariam</strong></span> <span class='ocrx_word' id='word_1_828' title='bbox 2691 5772 2976 5829; x_wconf 86' lang='lat' dir='ltr'><strong>dividitur.</strong></span> <span class='ocrx_word' id='word_1_829' title='bbox 3008 5766 3165 5835; x_wconf 87' lang='lat' dir='ltr'><strong>Quod</strong></span> <span class='ocrx_word' id='word_1_830' title='bbox 3184 5782 3249 5823; x_wconf 88' lang='lat' dir='ltr'><strong>ex</strong></span> <span class='ocrx_word' id='word_1_831' title='bbox 3281 5762 3615 5832; x_wconf 77' lang='lat' dir='ltr'><strong>Hippocrate</strong></span> <span class='ocrx_word' id='word_1_832' title='bbox 3649 5752 3840 5825; x_wconf 76' lang='lat' dir='ltr'><strong>colligi</strong></span> 
     </span>
    </p>
   </div>
  </div>
