4022 6398
280 348 421 407 I583

1055 325 1518 388 DISSERTATIO
1557 319 1872 384 DEORTU
1917 317 2003 372 ET
2042 315 2308 373 OCCASU
2350 311 2673 370 SIDERUM.

3368 300 3506 359 1586

279 474 462 539 potest
490 485 502 519 :
527 459 686 530 cuius
713 461 800 512 est
837 449 1071 509 eximius
1107 448 1212 502 hac
1243 445 1310 501 de
1339 459 1398 500 re
1425 444 1582 498 locus
1611 441 1752 496 libro
1771 437 1840 492 Ill
1870 438 1918 494 A
2013 434 2174 490 Anno
2200 433 2433 539 deniqpe
2447 429 2664 539 Jqliano
2686 427 2884 539 primo,
2909 425 2997 539 sol
3018 424 3083 539 il:
3098 423 3358 539 lGet-ninos
3379 437 3510 539 vero

281 534 697 626 Illspidtatmc,
727 546 824 619 qui
867 541 1182 600 necessario
1226 539 1317 593 hic
1349 534 1695 591 adnotandus
1739 541 1846 589 est.

288 625 394 702 Τδν
443 647 537 717 μὲν
588 638 832 696 ἐνιαυτὸν
886 637 942 699 ἒς
995 633 1235 702 τέσσαρα
1281 629 1450 700 μέρεα
1489 625 1848 717 διαιρέουσξνο

287 710 455 806 ἅπερ-
473 731 708 806 μὰλιστσ.
748 723 1102 796 γινώσκουσιν
1127 723 1179 774 οἱ
1214 717 1395 772 πολλοί
1421 735 1434 748 ⁸
1472 715 1733 788 χειμῶνα,
1756 710 1852 786 ἦρ,

292 831 469 902 θέρος,
516 823 871 894 φθινόπωρον.
915 818 1026 870 Καὶ
1072 814 1311 886 χειμῶνα
1354 811 1451 883 μὲν
1501 811 1610 864 ἀπὸ
1663 809 1860 862 Πλειάο

287 899 394 973 δων
423 916 601 978 δύσιος
632 914 760 985 ἄχρι
798 908 1088 981 ἰσημερίης
1113 903 1365 976 ἐαρινῆς*
1396 901 1495 973 ἔαρ
1519 901 1576 954 δὲ
1601 899 1708 953 ἀπὺ
1740 903 1858 969 ἰση-

296 1010 490 1083 μερίης
525 1009 685 1080 μέχρι
722 1001 1049 1076 Ἀρκτούρου
1086 995 1372 1066 ὲπιτολῆςο
1413 993 1756 1083 φθινόπωρον
1802 989 1860 1083 se

293 1079 404 1156 dub
432 1079 760 1171 ’Ἀρκτούρου
785 1093 947 1165 μέχρι
975 1086 1246 1142 Πλειάδων
1275 1083 1476 1147 δύσιος.
1509 1101 1528 1134 ‹
1559 1082 1776 1136 Annum
1805 1079 1862 1132 in

298 1202 482 1263 partes
523 1197 755 1258 quatuor
800 1181 1051 1237 dividunt
1085 1195 1103 1234 :
1157 1192 1297 1247 quas
1339 1173 1584 1245 plerique
1631 1171 1865 1226 maxime

296 1282 660 1352 dignoscunt,
705 1275 959 1336 hiemem,
1019 1284 1142 1333 ver,
1183 1275 1464 1331 aestatem,
1518 1270 1860 1318 autumnum.

302 1375 369 1428 Et
428 1372 657 1426 hiemem
683 1367 903 1439 quidem
951 1365 1020 1419 ab
1041 1378 1241 1419 occasu
1285 1359 1645 1431 Vergiliarum
1693 1371 1867 1428 usque

303 1463 372 1517 ad
417 1458 802 1530 aequinoctium
841 1469 1101 1515 vernum;
1147 1468 1242 1508 ver
1285 1459 1465 1505 autem
1516 1449 1585 1502 ab
1619 1446 1867 1517 aequino-

301 1555 414 1610 ctio
464 1567 633 1607 verno
681 1563 856 1618 usque
912 1546 980 1601 ad
1017 1553 1198 1599 ortum
1261 1541 1653 1612 Vergiliarum;
1701 1545 1869 1593 aesta-

305 1657 416 1701 tem
477 1659 507 1697 a
547 1640 910 1712 Vergiliarum
961 1645 1087 1692 ortu
1151 1634 1219 1689 ad
1259 1644 1439 1689 ortum
1481 1626 1871 1698 Arcturi;°au-

305 1743 556 1790 tumnum
581 1747 708 1788 vero
731 1731 799 1785 ab
813 1733 1043 1783 Arcturo
1065 1727 1129 1781 ad
1155 1741 1411 1782 occasum
1427 1723 1809 1795 Vergiliarum.
1845 1740 1864 1773 ι

307 1830 371 1883 In
428 1828 530 1882 hac
578 1825 705 1879 anni
754 1821 1154 1893 quadripartita
1214 1818 1486 1874 divisione
1556 1830 1668 1870 non
1747 1819 1876 1868 sunt

306 1920 537 1992 aequalia
569 1923 870 1987 segmenta,
903 1915 999 1970 sed
1041 1914 1202 1979 longe
1230 1910 1407 1979 major
1432 1908 1639 1964 aestatis
1677 1915 1732 1961 et
1760 1905 1878 1960 hie-

311 2013 416 2066 mis
446 2017 532 2064 est
579 2006 794 2069 modus,
823 2020 986 2075 quam
1025 2004 1170 2058 veris
1206 2013 1260 2058 et
1304 2000 1586 2065 autumni;
1641 1998 1729 2052 cui
1761 1997 1879 2052 dies

313 2100 458 2155 haud
492 2099 726 2178 amplius
782 2095 1144 2167 quadraginta
1196 2092 1478 2148 ﬁniuntur.
1535 2087 1881 2160 Hippocratis

311 2189 541 2252 saeculo,
569 2190 670 2242 hoc
700 2195 784 2241 est
819 2185 1069 2247 Metonis,
1125 2182 1362 2238 Pleiadis
1394 2189 1550 2236 ortus
1578 2179 1883 2234 matutinus

315 2290 375 2339 et
432 2281 678 2335 heliacus
725 2277 956 2347 contigit
1009 2277 1064 2330 in
1118 2274 1284 2330 Tauri
1331 2285 1482 2345 parte
1527 2271 1612 2336 I9,
1665 2269 1884 2324 Arcturi

310 2380 472 2428 ortus
499 2373 556 2426 in
574 2367 814 2437 Virginis
832 2367 904 2422 25
921 2366 1299 2436 :jntervallum
1319 2364 1599 2434 signorum
1629 2369 1884 2431 quatuor,

314 2461 584 2533 graduum
608 2459 659 2514 6.
693 2456 928 2512 Tantum
973 2457 1162 2511 aestivo
1211 2463 1488 2524 segmento
1529 2452 1887 2522 Hippocrates

313 2552 577 2609 emetitur
602 2567 618 2618 ;
648 2555 703 2604 at
729 2563 900 2604 verno
920 2546 1152 2617 tempori
1176 2546 1293 2600 dies
1316 2559 1424 2598 non
1457 2544 1690 2614 amplius
1720 2558 1814 2597 sex
1836 2549 1890 2596 et

314 2643 543 2712 triginta
565 2645 901 2708 competunt.
935 2635 1149 2691 Rursus
1183 2649 1414 2688 occasus
1445 2633 1795 2702 vespertinus
1825 2645 1891 2685 ac

313 2748 485 2788 verus
509 2729 784 2784 Pleiadum
819 2729 980 2782 ﬁebat
1006 2727 1059 2780 in
1083 2726 1253 2798 gradu
1274 2725 1452 2780 Libra:
1485 2724 1576 2778 28.
1609 2722 1796 2794 Itaque
1824 2724 1893 2778 ab

312 2831 448 2880 ortu
505 2823 722 2876 Arcturi
766 2820 834 2875 ad
890 2834 1150 2874 occasum
1202 2817 1482 2872 Pleiadum
1519 2816 1722 2887 gradus
1767 2824 1896 2870 sunt

311 2917 549 2971 omnino
597 2916 685 2970 53.
731 2912 973 2983 Denique
1001 2913 1070 2968 ab
1108 2925 1310 2967 occasu
1354 2909 1590 2965 Pleiadis
1627 2909 1692 2963 ad
1734 2907 1898 2977 aequi-

313 3010 570 3066 noctium
601 3021 832 3061 vernum
877 3013 1116 3081 quatuor
1153 3003 1267 3058 fere
1318 3003 1601 3074 signorum
1654 3000 1899 3054 intersti-

315 3102 468 3156 tium
507 3107 612 3155 est.
637 3101 814 3169 Atque
849 3105 908 3152 ut
961 3106 1312 3167 apparentem
1352 3109 1610 3150 occasura
1640 3092 1900 3165 Vergilia—
1922 3127 1968 3184 ο

314 3206 450 3246 rum
492 3205 602 3244 non
635 3203 823 3242 verum
860 3188 1237 3250 adhibeamus,
1260 3185 1406 3240 haud
1437 3186 1668 3239 multum
1698 3184 1765 3239 de
1795 3186 1898 3238 hoc

314 3283 558 3338 hiberno
605 3280 890 3334 intervallo
937 3279 1244 3334 detractum
1287 3277 1474 3332 fuerit.
1520 3275 1682 3331 Tales
1733 3276 1902 3346 igitur

316 3373 461 3428 anni
503 3371 802 3426 divisiones
829 3370 1000 3440 magis
1031 3370 1099 3424 ad
1137 3385 1385 3432 sensum,
1421 3375 1474 3421 et
1498 3368 1643 3422 aeris
1668 3367 1902 3435 caelique

318 3461 763 3527 vicissitudines,
833 3478 998 3532 quam
1059 3461 1128 3515 ad
1175 3461 1584 3532 proportionem
1622 3459 1904 3530 aequalita-

325 3567 552 3626 temque
607 3555 848 3626 partium
907 3555 1173 3608 institulae
1225 3561 1376 3609 sunt.
1421 3551 1576 3618 Quod
1619 3560 1681 3605 ut
1714 3551 1770 3604 in
1797 3565 1905 3604 uno

329 3647 696 3718 Vergiliarum
755 3647 936 3702 sidere
999 3647 1071 3700 ita
1113 3661 1236 3701 esse
1293 3652 1712 3700 monstremus:
1753 3653 1906 3698 ortus

330 3752 520 3791 earum
547 3737 790 3792 heliacus
830 3734 1060 3790 Metonis
1090 3751 1205 3790 aevo
1226 3736 1281 3789 in
1310 3734 1474 3790 Tauri
1508 3735 1734 3804 gradum
1766 3735 1907 3787 inri-

332 3826 499 3881 debat
523 3825 618 3893 I9;
649 3841 880 3882 occasus
913 3826 967 3879 in
992 3825 1165 3881 Libra:
1191 3826 1262 3880 28
1296 3845 1309 3880 :
1353 3827 1697 3881 intervallum
1721 3827 1908 3895 signo-

337 3931 460 3970 rum
485 3933 536 3981 v,
582 3917 846 3987 graduum
872 3918 904 3970 9
929 3935 942 3983 ;
968 3918 1037 3972 ab
1059 3933 1259 3973 occasu
1304 3918 1371 3972 ad
1400 3927 1603 3983 ortum,
1627 3919 1907 3989 signorum

339 4024 418 4074 vr,
449 4009 715 4078 graduum
762 4009 851 4063 21.
877 4009 1031 4074 Quod
1059 4011 1105 4063 si
1145 4011 1262 4065 dies
1294 4011 1609 4080 interjectos
1639 4011 1913 4066 aestimare

340 4100 596 4164 velimus,
620 4114 743 4152 cum
779 4099 1006 4154 Metonis
1019 4106 1263 4170 tempore
1283 4116 1446 4156 verus
1470 4102 1601 4156 solis
1633 4102 1913 4171 ingressus

343 4191 403 4246 in
457 4189 698 4245 Taurum
738 4191 965 4248 Athenis
1023 4194 1310 4263 contigerit
1355 4194 1561 4262 Aprilis
1620 4191 1706 4247 die
1757 4208 1911 4256 xxvr,

345 4283 484 4338 hora
513 4283 604 4348 17,
633 4283 714 4339 57’
739 4301 751 4337 :
779 4283 835 4337 in
874 4283 1094 4338 Libram
1125 4294 1304 4339 autem
1340 4300 1468 4339 vero
1492 4292 1644 4339 motu
1685 4285 1916 4340 subierit

347 4371 691 4444 Septembris
740 4390 936 4440 xxvm,
993 4376 1124 4430 hora
1165 4375 1256 4439 20,
1299 4375 1422 4442 10';
1472 4376 1714 4430 heliacus
1751 4391 1916 4445 porro

1953 538 2104 584 motu
2135 527 2304 583 subiit
2333 524 2461 579 Maii
2483 523 2574 578 die
2601 536 2751 586 utv.
2773 520 2909 574 hora
2939 518 3028 582 II,
3052 517 3154 580 δι’,
3176 515 3384 581 Romae,
3416 515 3510 574 ubi

1953 622 2111 676 initio
2129 619 2479 676 Geminorum
2509 625 2662 670 ortus
2678 613 2920 668 heliacus
2947 609 3309 680 Vergiliarum
3336 607 3514 661 factus

1955 723 2060 771 est.
2114 713 2182 768 At
2238 711 2524 782 Scorpium
2552 709 2674 764 iniit
2705 704 2958 762 Octobris
2997 719 3122 766 xxv,
3149 703 3282 757 hora
3311 701 3364 766 5,
3388 701 3469 756 53'
3499 719 3512 754 :

1957 807 2115 876 cujus
2142 806 2342 876 gradus
2378 810 2627 874 quartus,
2657 801 2722 854 .in
2765 813 2925 869 quem
2958 795 3258 850 matutinus
3291 807 3521 848 occasus

1959 901 2232 966 convenit,
2287 898 2522 952 incurrit
2568 897 2625 950 in
2670 893 2924 950 Octobris
2972 906 3168 945 xxvm.
3217 888 3521 945 Discrimen

1961 993 2249 1062 utriusque
2276 991 2394 1045 dies
2417 1004 2580 1052 CLvu,
2611 988 2755 1058 quod
2798 1002 2828 1040 a
2874 985 3102 1040 dimidio
3152 997 3300 1037 anno
3355 981 3524 1035 distat

1963 1082 2154 1139 diebus
2182 1095 2309 1134 xxv:
2332 1078 2466 1134 fere.
2496 1076 2622 1132 Haec
2647 1075 2916 1131 intervalli
2941 1072 3200 1144 paulatim
3228 1070 3525 1126 crescentis

1962 1175 2199 1230 varietas
2227 1187 2294 1227 ex
2313 1168 2624 1241 aequinoctii
2646 1167 3042 1228 antecessione,
3067 1179 3167 1218 nec
3184 1177 3291 1217 non
3323 1169 3530 1216 octava:

1966 1267 2210 1335 sphaerae,
2246 1277 2370 1316 cum
2416 1261 2590 1316 stellis
2618 1259 2673 1313 in
2713 1257 3103 1327 consequentia
3125 1255 3527 1326 progressione,

1967 1363 2081 1409 tum
2112 1353 2299 1424 apogei
2325 1352 2457 1407 solis
2494 1350 2795 1404 mutatione
2823 1349 3088 1402 nascitur.

2575 1488 2802 1545 CAPUT
2840 1486 2932 1543 XI.

1976 1586 2048 1642 De
2069 1583 2338 1641 Canicula:
2385 1594 2506 1638 ortu
2559 1594 2610 1636 et
2665 1598 2852 1635 occasu
2900 1588 3128 1634 ceterum
3179 1578 3298 1631 loca
3329 1576 3534 1631 multa:

2142 1657 2365 1726 itemque
2402 1655 2466 1709 de
2509 1653 2770 1723 Procyne,
2805 1651 3082 1720 diligenter
3115 1664 3360 1712 expensa.

1902 1772 1948 1828 B
2044 1769 2290 1824 Alterum
2315 1775 2440 1838 post
2465 1764 2735 1836 Vergilias
2764 1765 2937 1828 sidus,
2965 1764 3020 1817 in
3043 1778 3152 1832 quo
3178 1769 3229 1817 et
3255 1775 3412 1815 usum
3439 1774 3538 1815 ex-

1977 1861 2252 1931 periemur
2305 1858 2545 1914 methodi
2602 1864 2836 1922 nostrae;
2889 1864 2944 1910 et
2993 1855 3323 1924 scriptorum
3371 1851 3440 1907 de
3476 1865 3542 1905 eo

1979 1954 2100 2007 loca
2129 1952 2290 2022 paulo
2339 1948 2709 2020 evpendemus
2750 1946 3097 2010 accuratius,
3142 1943 3404 2000 Canicula
3433 1949 3542 2007 est,

1981 2058 2146 2113 quam
2181 2041 2353 2096 Graeci
2401 2040 2608 2112 Σείριον
2642 2038 2955 2110 appellant:
2986 2037 3132 2108 quod
3160 2051 3358 2090 nomen
3381 2035 3547 2088 latius

1985 2133 2126 2205 apud
2155 2134 2411 2203 antiquos
2439 2131 2769 2196 extenditur,
2804 2145 2928 2184 nam
2959 2137 3014 2184 et
3048 2129 3218 2185 solem
3257 2125 3550 2197 aliquando

1986 2224 2274 2297 signiﬁcat.
2311 2222 2382 2278 Ut
2413 2221 2557 2294 apud
2579 2221 2875 2278 Hesiodum
2898 2219 2938 2274 II
2973 2220 3152 2290 ’Epr.,
3180 2218 3275 2273 ubi
3303 2214 3551 2272 autumni

1987 2325 2202 2387 tempus
2237 2316 2314 2374 ita
2349 2312 2643 2370 describit:

2559 2446 2642 2515 Δὴ
2665 2446 2774 2516 γὰρ
2798 2446 2932 2499 τότε
2959 2446 3188 2516 Σείριος
3219 2443 3417 2516 ἀστὴρ

1990 2521 2174 2577 Βαιὸν
2195 2519 2348 2588 ὑπὲρ
2373 2517 2644 2587 κεφαλῆς
2673 2515 3066 2588 κηριτρῳέων
3091 2515 3417 2588 ἀνθρώπων

1996 2595 2262 2662 Ἔρχεται
2278 2584 2542 2658 ιθιάτὶος·
2567 2584 2776 2641 πλεῖον
2800 2585 2867 2640 δέ
2896 2584 2960 2640 τε
2983 2588 3202 2652 νυκτὸς
3223 2584 3486 2654 ἐπαιιρεῖ.

2138 2767 2152 2779 .
2233 2766 2246 2779 .
2326 2766 2339 2778 .
2419 2765 2433 2779 .
2512 2723 2654 2776 Nam
2690 2725 2957 2778 tuncsolis
2989 2723 3146 2777 stella

1997 2795 2229 2850 Paulum
2257 2811 2417 2864 supra
2441 2805 2597 2862 caput
2620 2795 2730 2863 fato
2753 2795 3099 2849 obnoxiorum
3120 2793 3388 2864 hominum

2007 2868 2157 2922 ch't
2191 2863 2424 2921 interdiu
2455 2882 2474 2922 :
2504 2866 2622 2935 plus
2649 2875 2824 2918 autem
2853 2865 2915 2919 de
2945 2872 3092 2918 nocte
3126 2863 3340 2918 obtinet.

2068 3001 2400 3073 Interpretes
2429 3014 2621 3055 omnes
2655 2999 2708 3052 in
2745 2998 2803 3053 id
2850 2999 3220 3063 consentiunt,
3249 2996 3449 3052 Sirium
3477 2997 3568 3052 hic

2001 3110 2124 3151 esse
2174 3093 2366 3158 solem,
2400 3091 2491 3147 διὰ
2521 3091 2584 3145 τὸ
2628 3091 2907 3162 σειριάειν,
2962 3091 3109 3160 quod
3160 3097 3244 3146 est
3285 3089 3518 3161 λάμπειν
3552 3107 3567 3147 :

2005 3201 2185 3256 neque
2242 3185 2400 3240 aliter
2439 3189 2543 3239 hoc
2583 3184 2704 3237 loco
2751 3181 3096 3253 interpretari
3142 3182 3342 3252 possis,
3379 3188 3572 3236 contra

2006 3293 2169 3350 quam
2197 3277 2279 3331 vir
2324 3275 2517 3330 doctus
2559 3275 2909 3329 existimavit.
2958 3274 3076 3327 Non
3107 3275 3250 3328 enim
3278 3273 3572 3343 parallelos

2009 3384 2168 3438 quem
2195 3367 2457 3422 Canicula
2482 3365 2764 3432 describit,
2794 3366 3078 3435 inrequalia
3101 3375 3379 3436 segmenta
3408 3381 3576 3436 supra

2009 3470 2211 3516 terram
2241 3462 2424 3525 habet,
2463 3459 2714 3530 infraque
2768 3459 3002 3514 diversis
3043 3459 3098 3513 in
3130 3459 3259 3513 anni
3284 3467 3576 3530 tempesta-

2008 3558 2159 3617 tibus
2193 3554 2367 3626 :quod
2385 3554 2453 3609 de
2475 3552 2618 3607 Sirio
2633 3559 2789 3621 poeta
2811 3551 2978 3608 canit.
3000 3550 3325 3623 Hesychius,
3348 3552 3575 3624 Σείριος,
3625 3541 3636 3554 ’

2011 3648 2040 3700 ὁ
2063 3645 2232 3716 ἥλιος,
2265 3647 2362 3699 καὶ
2387 3646 2415 3698 ὁ
2438 3642 2532 3697 τοῦ
2567 3643 2742 3707 Κυνὸς
2775 3643 2969 3714 ἀστήρ.
2995 3643 3140 3697 Idem
3162 3642 3230 3696 ab
3252 3643 3580 3697 Archilocho

2013 3753 2112 3808 pro
2143 3737 2257 3791 sole
2292 3755 2305 3790 :
2328 3736 2396 3791 ab
2415 3737 2575 3806 Ibyco
2603 3751 2700 3805 pro
2721 3735 2883 3790 astris
2907 3735 3162 3790 omnibus
3187 3735 3441 3806 usurpari
3484 3735 3582 3789 do-

2016 3837 2119 3883 cet.
2153 3826 2310 3882 Hunc
2351 3826 2594 3898 Egyptii
2643 3826 2838 3880 Sothin
2901 3827 3240 3897 appellavere
3291 3826 3389 3882 (ait
3437 3827 3583 3882 Orus

2017 3919 2210 3990 Apollo
2240 3919 2336 3973 lib.
2369 3917 2412 3982 I,
2444 3934 2564 3987 cap.
2596 3916 2683 3988 IIl)
2708 3918 2794 3972 eui
2825 3927 2880 3972 et
2914 3918 3276 3987 principatum
3309 3928 3583 3972 astrorum

2017 4012 2361 4066 tribuerunt:
2383 4016 2437 4064 et
2462 4025 2530 4064 ex
2559 4010 2679 4078 ejus
2700 4016 2820 4064 ortu
2847 4009 2914 4064 de
2931 4010 3067 4063 anni
3098 4009 3268 4063 totius
3285 4016 3432 4064 statu
3456 4024 3588 4063 eon-

2018 4103 2285 4174 jecturam
2345 4118 2541 4172 capere
2593 4102 2860 4158 solebant.
2910 4100 3044 4155 Nam
3082 4119 3100 4153 ‹
3141 4101 3306 4170 hujus
3363 4101 3588 4157 effectus

2023 4195 2344 4267 amplissimi
2397 4196 2453 4250 in
2483 4203 2629 4249 terra
2679 4195 3014 4255 sentiuntur,
3055 4214 3073 4246 ι
3103 4204 3163 4248 ut
3202 4194 3445 4265 loquitur
3475 4194 3587 4248 Pli-

2023 4289 2148 4342 nius
2178 4287 2295 4359 (lib.
2326 4285 2390 4351 II,
2420 4301 2542 4356 cap.
2576 4283 2690 4355 XL)
2717 4303 2732 4351 ;
2763 4285 3036 4356 przecipue
3072 4301 3224 4349 vero,
3253 4286 3399 4356 quod
3443 4285 3591 4340 illius

2025 4388 2217 4434 exortu
2247 4379 2380 4435 solis
2410 4392 2640 4448 vapores
2689 4377 2913 4432 accendi
2955 4387 3234 4448 putantur.
3265 4395 3285 4430 ‹
3333 4378 3592 4433 Sentiunt

343 4464 585 4520 Pleiadis
607 4475 766 4522 ortus
794 4467 848 4520 in
874 4466 998 4520 Maii
1031 4484 1098 4521 xv
1135 4467 1312 4534 diem;
1348 4483 1578 4523 occasus
1615 4469 1916 4523 matutinus
1941 4479 1995 4541 Ι)
2021 4473 2077 4530 id
2104 4471 2295 4534 maria,
2340 4478 2394 4526 et
2438 4478 2618 4534 terra),
2663 4489 2681 4521 ι
2713 4477 2771 4523 ιιι
2797 4469 2937 4524 idem
2969 4471 3163 4539 inquit,
3192 4489 3210 4522 ι
3254 4471 3437 4525 multa:
3464 4485 3595 4525 vero

345 4559 406 4613 in
469 4557 721 4614 Octobris
780 4575 908 4613 xxvr
971 4559 1230 4615 ceciderit
1289 4579 1302 4614 :
1358 4561 1706 4614 intervallum
1778 4561 1924 4615 inter

348 4661 669 4723 utrumque,
721 4653 935 4708 dierum
979 4662 1066 4708 est
1123 4667 1277 4707 cuv.
1311 4651 1470 4719 Quod
1509 4653 1664 4708 abest
1697 4654 1764 4709 ab
1795 4655 1926 4708 anui

346 4745 602 4810 dimidio,
634 4746 738 4800 hoc
796 4755 879 4800 est
910 4745 1104 4802 diebus
1133 4759 1374 4808 cuxxu,
1416 4744 1568 4800 horis
1615 4746 1702 4810 18,
1733 4746 1926 4802 diebus

347 4838 466 4894 fere
495 4854 628 4894 xvn.

424 4930 516 4986 Sic
563 4929 784 4986 Hesiodi
812 4937 1054 5000 tempore
1083 4944 1228 4984 anno
1252 4929 1458 5000 periodi
1502 4930 1731 4986 Iuliana:
1762 4932 1924 4996 37M,

347 5023 614 5092 quoniam
673 5021 1060 5094 aequinoctium
1127 5038 1354 5076 vernum
1416 5023 1645 5094 ἀκριϐὲς
1701 5025 1930 5094 contigit

351 5114 540 5170 Martii
598 5130 750 5180 31x1,
790 5115 926 5168 hora
956 5115 1010 5178 I,
1054 5113 1137 5167 24⁸
1182 5114 1413 5169 Athenis
1447 5117 1768 5185 :ingressus
1798 5117 1928 5170 item

349 5206 413 5260 in
458 5203 700 5258 Taurum
756 5219 921 5260 verus
960 5203 1086 5258 Maii
1123 5221 1162 5270 ι,
1188 5204 1323 5259 hora
1351 5205 1405 5270 4,
1453 5205 1554 5261 18’.
1588 5205 1722 5260 Item
1755 5206 1927 5275 aequi-

349 5297 601 5354 noctium
625 5297 941 5352 autumnale
967 5296 1222 5352 Octobris
1247 5315 1308 5363 ιι,
1353 5299 1489 5353 hora
1523 5299 1725 5368 I7,_55'
1761 5299 1929 5354 Athe-

348 5391 481 5458 nis;
514 5391 858 5445 intervallum
911 5393 1054 5447 inter
1084 5391 1209 5446 Maii
1245 5409 1278 5446 χ
1317 5392 1484 5456 diem,
1523 5392 1578 5446 in
1614 5408 1776 5464 quem
1806 5408 1932 5464 gra-

344 5485 460 5540 dus
480 5481 647 5538 Tauri
672 5483 758 5550 II,
777 5495 828 5538 et
850 5483 1094 5538 heliacus
1115 5493 1268 5540 ortus
1291 5483 1651 5556 Vergiliarum
1678 5486 1929 5549 cadebat,

347 5583 412 5629 et
453 5590 522 5628 xx
551 5573 829 5636 Octobris,
856 5574 945 5627 cui
974 5573 1175 5643 gradus
1193 5573 1364 5630 Libra:
1392 5576 1478 5639 I9,
1511 5585 1673 5646 atque
1697 5590 1930 5630 occasus

348 5667 668 5724 earumdem
694 5669 938 5723 heliacus
966 5672 1345 5739 competebat;
1378 5669 1586 5724 dierum
1618 5677 1702 5725 est
1738 5684 1925 5724 cuiu.

348 5763 510 5829 Quod
537 5764 690 5835 longe
714 5763 867 5818 abest
892 5762 959 5815 ab
975 5763 1102 5816 anni
1127 5763 1372 5824 dimidio,
1394 5778 1586 5833 nempe
1617 5764 1809 5819 diebus
1841 5780 1928 5820 xx.

797 5861 1065 5922 Ρηειιοι..
1109 5861 1225 5920 Gn.
1275 5859 1448 5923 XIX.

2026 4573 2080 4621 et
2103 4564 2248 4620 feras.
2271 4562 2456 4634 Neque
2485 4571 2569 4616 est
2593 4563 2770 4616 minor
2794 4562 2843 4616 ei
2868 4564 3164 4625 veneratio,
3194 4579 3356 4633 quam
3387 4562 3596 4618 descri-

2027 4661 2138 4732 ptis
2164 4661 2219 4714 in
2256 4658 2388 4715 deos
2433 4658 2623 4714 stellis.
2663 4679 2682 4710 »
2719 4657 2786 4709 At
2816 4655 3079 4710 Geminus
3119 4671 3240 4724 cap.
3280 4651 3397 4707 XIV
3434 4654 3597 4724 longa

2028 4762 2082 4809 et
2131 4752 2348 4808 erudita
2415 4749 2787 4819 disputatione
2859 4749 3136 4818 vulgarem
3193 4747 3340 4800 hunc
3397 4744 3599 4800 refellit
3673 4737 3678 4742 ’

2027 4859 2305 4910 errorem,
2360 4849 2487 4896 ortu
2531 4841 2730 4896 sideris
2766 4840 2951 4902 ullius,
3009 4845 3102 4892 aut
3153 4853 3353 4892 occasu
3398 4838 3600 4890 mutari

2029 4945 2240 4990 naturae
2291 4943 2492 4990 statum
2531 4932 2894 5003 opinantium.
2942 4930 3061 4986 Non
3110 4932 3253 4985 enim
3309 4930 3518 4999 majore
3548 4929 3600 4984 vi

2031 5029 2156 5084 aliis
2185 5029 2305 5082 aliae
2333 5025 2573 5097 praeditae
2608 5034 2738 5080 sunt
2787 5024 2958 5079 Stellae
2985 5046 2997 5079 :
3031 5040 3131 5078 nec
3159 5031 3370 5085 exortu,
3401 5022 3480 5077 vel
3503 5035 3602 5076 oc-

2032 5135 2166 5175 casu
2205 5135 2306 5174 suo
2335 5125 2691 5189 tempestates
2737 5117 2878 5171 ullas
2903 5116 3142 5170 excitare
3172 5115 3424 5184 putanda:
3453 5121 3600 5167 sunt.

2035 5210 2142 5264 Sed
2173 5224 2341 5280 penes
2376 5209 2544 5264 solem
2571 5223 2738 5262 causa
2756 5215 2840 5262 est
2868 5195 3308 5261 vicissitudinum
3335 5209 3602 5258 istarum:

2033 5318 2264 5373 quarum
2290 5303 2344 5356 in
2379 5311 2622 5372 tempora
2655 5316 2780 5354 cum
2805 5300 3101 5370 insignium
3136 5295 3495 5368 quorumdam
3526 5295 3606 5350 si-

2035 5396 2224 5451 derum
2245 5403 2491 5457 exortus,
2516 5393 2598 5448 vel
2626 5407 2858 5446 occasus
2886 5393 3263 5453 incurrerent,
3300 5389 3414 5442 hazc
3459 5389 3608 5442 velut

2034 5488 2211 5556 signa,
2245 5486 2354 5541 illis
2399 5483 2656 5540 notandis
2695 5500 2758 5538 ac
2792 5482 3146 5553 designandis
3201 5480 3444 5535 adhiberi
3491 5481 3609 5550 pla-

2036 5583 2170 5633 cuit.
2201 5581 2379 5650 Atque
2413 5578 2597 5633 hocin
2625 5585 2748 5631 ortu
2773 5575 3049 5630 Canicula:
3077 5580 3379 5644 praesertun
3411 5573 3609 5628 astruit

2036 5671 2319 5732 Geminus,
2339 5670 2430 5740 qui
2461 5685 2584 5724 cum
2615 5671 2672 5722 in
2693 5685 2812 5722 eam
2843 5669 2970 5722 anni
2995 5674 3370 5737 tempestatem
3392 5665 3609 5719 ineunt-

2038 5764 2211 5828 berct,
2263 5762 2318 5818 in
2364 5777 2488 5836 qua.
2524 5761 2897 5818 vehementior
2936 5771 3101 5816 aestus
3137 5758 3393 5821 exsistit,
3447 5755 3612 5828 hujus

3300 5854 3376 5919 1ιί
