4022 6398
525 347 546 400 I
555 345 656 405 531

1495 345 1587 398 AD
1625 343 1890 399 EUSEBII
1929 342 2324 398 CIIRONICON
2371 342 2736 401 APPENDIX.

3619 346 3772 402 I388

523 476 756 531 primum
785 460 1355 532 signmcandivmunus
1377 504 1392 528 ,
1416 474 1554 533 post
1578 462 1843 517 ciliciendi
1872 477 2090 533 quoque
2118 466 2165 522 Α
2193 459 2404 515 heliaco
2438 461 2505 516 ad
2533 463 2834 517 cosmicum
2869 472 3049 517 ortum
3085 460 3378 518 transitum
3419 441 3568 518 fecit.
3596 465 3772 516 Anno

526 554 635 604 vim
693 565 1022 620 caisamque
1052 552 1329 622 popularis
1358 553 1434 606 illi
1459 567 1763 607 consensus
1812 553 2082 608 attribuit.

519 643 601 697 Ad
627 641 680 696 id
709 658 836 697 vero
857 643 1196 712 probandum
1225 660 1350 698 cum
1381 646 1485 698 alia
1519 645 1737 699 adhibet
1767 653 2085 715 argumenta

518 736 695 789 media
723 749 789 788 ex
817 734 1162 804 phil050phia
1199 735 1541 806 deprompta,
1586 746 1700 790 tum
1746 736 1851 790 hoc
1890 751 2082 800 unum,

515 825 663 895 quod
708 832 765 880 et
821 839 988 879 sensu
1040 825 1160 896 ipso
1181 825 1546 890 discernitur,
1582 835 1636 881 et
1674 826 1740 880 ad
1774 827 2082 880 institutum

515 927 764 969 nostrum
797 915 954 970 valde
999 917 1256 986 pertinet.
1313 915 1446 971 Nam
1491 919 1536 972 si
1577 918 1777 972 orienti
1811 916 2082 971 Canicula:

514 1006 913 1059 incrementum
964 1006 1097 1060 illud
1151 1005 1388 1070 ardoris,
1448 1017 1707 1078 tanquam
1759 1006 2082 1070 causai,tri-

513 1097 787 1150 huendum
830 1096 1009 1162 foret;
1045 1106 1159 1152 tum
1211 1099 1263 1153 id
1307 1100 1444 1154 efIici
1501 1101 1737 1155 maxime
1779 1108 2077 1170 oporteret,

511 1189 732 1258 quando
761 1205 887 1244 cum
923 1192 1038 1246 sole
1064 1190 1356 1260 conjuncta
1384 1200 1564 1246 ortum
1595 1209 1718 1247 cum
1761 1193 1878 1263 ipso
1912 1192 2076 1259 facit;

513 1294 676 1348 quam
711 1279 974 1349 ἀνατολὴν
1010 1281 1226 1350 proprie
1285 1282 1471 1336 vocari
1513 1297 1677 1351 supra
1715 1281 1974 1338 diximus.
2011 1284 2080 1337 At

512 1385 601 1424 res
654 1385 815 1425 secus
846 1386 906 1426 se
957 1373 1138 1427 habet.
1166 1371 1283 1426 Non
1310 1374 1454 1427 enim
1503 1374 1558 1427 in
1600 1382 1724 1428 ortu
1766 1374 1879 1437 illo,
1917 1391 2078 1444 quem

511 1476 613 1516 nos
669 1463 932 1532 κοσμικὸν
990 1465 1263 1533 appellare
1289 1463 1528 1518 solemus
1556 1481 1568 1516 :
1601 1465 1694 1518 sed
1736 1465 1791 1518 in
1842 1465 2075 1528 heliaco,

510 1555 626 1609 sive
680 1553 901 1624 ἐπιτολῇ
945 1556 1238 1610 vehemens
1259 1555 1408 1610 calor
1433 1555 1684 1620 edicitur;
1735 1570 1836 1610 nec
1885 1555 2074 1610 eodem

511 1645 712 1714 ubique
766 1653 1045 1716 tempore;
1102 1648 1195 1701 sed
1241 1648 1369 1702 alibi
1415 1649 1610 1712 citius,
1651 1647 1778 1701 alibi
1819 1648 2073 1702 tardius:

508 1753 696 1810 pro-e0
718 1753 781 1795 ac
801 1738 1092 1803 maturius,
1117 1748 1208 1792 aut
1243 1739 1418 1794 serius
1458 1741 1589 1794 solis
1615 1740 1880 1809 explicata
1908 1740 2076 1795 radiis

2193 550 2630 621 primoJuliano,
2663 562 2818 609 ortus
2848 555 3122 609 cosmicus
3153 553 3281 608 Sirii
3312 552 3496 608 Romae
3523 555 3770 622 contigit

2193 643 2249 697 in
2275 643 2446 714 gradu
2474 643 2673 699 Cancri
2717 645 2807 708 22,
2834 645 2917 700 48'
2947 663 2962 711 ;
2991 644 3123 700 Julii
3151 646 3372 700 circiter
3407 660 3526 710 xvt;
3579 643 3766 698 helia-

2191 753 2290 792 cus
2319 737 2374 791 in
2401 738 2570 807 gradu
2601 737 2801 793 Leonis
2831 739 2881 800 7,
2921 738 3002 792 ιδ’
3029 756 3043 805 ;
3079 737 3308 809 Augusti
3352 737 3464 793 fere
3489 736 3767 792 secundo.

2189 831 2350 884 Anno
2397 831 2616 884 labente
2655 844 2870 884 lacxxx
2902 829 3130 895 Christi,
3181 838 3336 885 ortus
3388 831 3662 884 cosmicus
3703 827 3768 880 in

2187 920 2417 990 gradum
2463 918 2661 974 Leonis
2699 919 2750 985 7,
2785 919 2890 987 I6’;
2930 918 3187 974 Heliacus
3231 921 3285 972 in
3320 917 3516 973 Leonis
3542 917 3634 983 20,
3674 917 3768 970 30'

2193 1009 2446 1072 incurrit,
2488 1008 2720 1078 Augusti
2755 1009 2975 1063 circiter
3001 1009 3088 1065 I2.
3135 1008 3322 1079 Itaque
3352 1008 3764 1061 canicularium

2187 1099 2397 1154 dierum
2430 1101 2645 1154 initium
2677 1101 2746 1154 ab
2774 1109 2900 1154 ortu
2939 1100 3152 1155 heliaco
3180 1099 3407 1154 descivit
3444 1139 3459 1162 ,
3508 1114 3572 1152 ac
3604 1113 3761 1152 sem-

2186 1208 2283 1262 per
2310 1193 2524 1263 longius
2545 1193 2742 1248 deiude
2769 1195 3000 1249 recedet.
3038 1193 3188 1247 Hanc
3218 1194 3562 1263 μετάπτωσιν
3597 1192 3766 1246 orbis

2187 1283 2386 1338 Stellati
2435 1285 2614 1354 prisca
2646 1293 2776 1340 aetas
2802 1284 3086 1354 ignorabat
3119 1304 3130 1337 :
3162 1284 3393 1354 ideoque
3433 1283 3768 1353 designatos

2186 1377 2350 1431 semel
2394 1391 2424 1429 a
2457 1377 2758 1445 majoribus
2789 1379 2905 1433 suis
2941 1389 3097 1432 ortus
3118 1393 3465 1446 occasusque
3489 1385 3768 1430 constan-

2185 1476 2268 1522 ter
2295 1469 2588 1535 tenebant;
2620 1485 2685 1524 ac
2718 1482 2832 1524 tum
2878 1470 3118 1526 heliacos
3147 1486 3270 1524 cum
3302 1469 3571 1533 ,cosmicis
3623 1483 3760 1538 pro-

2185 1562 2393 1616 miscue
2441 1561 2748 1627 habebant,
2787 1570 2909 1616 tum
2953 1564 3047 1633 qui
3098 1571 3375 1617 certorum
3413 1569 3570 1616 erant
3599 1560 3766 1614 Ioco-

2183 1667 2303 1704 rum
2327 1652 2561 1721 proprii,
2595 1653 2744 1706 nullo
2776 1652 3090 1708 discrimine
3136 1653 3204 1708 ad
3261 1653 3396 1707 alios
3437 1666 3765 1705 accommo-

2183 1739 2406 1794 dabant.
2438 1741 2519 1795 Ad
2550 1741 2664 1796 haec
2689 1740 2801 1795 fere
2838 1745 3014 1812 capita
3037 1744 3275 1797 varietas
3305 1744 3482 1794 omnis
3532 1742 3625 1795 illa
3664 1757 3764 1795 re-

508 1833 772 1890 Canicula
804 1831 1106 1904 consurgit.
1139 1829 1210 1885 Ut
1263 1832 1319 1885 in
1363 1831 1554 1886 Rhodo
1608 1840 1729 1901 post
1761 1833 1998 1886 tricenos
2045 1848 2076 1884 a
2111 1825 2150 1878 Β
2180 1829 2321 1884 ferre
2356 1841 2555 1900 potest,
2595 1848 2715 1901 qua:
2743 1833 2884 1902 apud
2917 1839 3172 1903 antiquos
3219 1833 3512 1902 scriptores
3545 1831 3652 1885 hoc
3700 1834 3765 1886 in

508 1929 745 1984 solstitio
762 1929 878 1983 dics
899 1928 1109 1991 oritur;
1136 1924 1260 1980 aliis
1293 1925 1346 1979 in
1379 1925 1514 1978 locis
1538 1932 1660 1992 post
1689 1923 2070 1993 quadraginta.

508 2023 636 2076 alibi
677 2029 800 2092 post
853 2019 1267 2091 quinquaginta.
1327 2017 1401 2070 Ex
1443 2034 1552 2087 quo
1603 2023 2070 2086 parapegmatum,

508 2113 708 2191 inquit,
735 2113 950 2166 vacillat
979 2110 1147 2166 fides:
1183 2124 1414 2180 quorum
1463 2117 1717 2163 auctores
1760 2109 1812 2161 in
1840 2122 2076 2177 pronun-

507 2189 711 2260 tiandis
755 2220 822 2258 ex
871 2211 995 2258 ortu
1030 2202 1268 2258 siderum
1301 2208 1356 2256 et
1388 2215 1589 2255 occasu
1634 2199 2075 2269 tempestatibus,

507 2306 647 2362 quas
687 2293 1056 2364 ἐπισημασίας
1108 2299 1327 2353 vocant,
1379 2306 1490 2345 non
1542 2299 1660 2346 arte
1712 2306 1776 2344 ac
1818 2289 2074 2344 methodo

507 2391 678 2447 certa,
711 2384 806 2438 sed
838 2384 1219 2440 observatione
1243 2397 1307 2437 ac
1352 2381 1656 2453 longissimi
1686 2383 1946 2451 temporis
1978 2397 2074 2436 ex-

505 2474 770 2545 perientia
794 2476 1061 2531 nituntur.
1097 2474 1247 2530 Ilanc
1275 2473 1486 2529 Gemini
1536 2474 1803 2529 rationem
1837 2474 2072 2542 primum

507 2567 746 2622 nominis
779 2567 952 2638 ipsius
979 2568 1186 2621 notatio
1218 2566 1520 2621 confirmat.
1555 2565 1764 2636 Quippe
1787 2565 1893 2618 vim
1926 2565 2069 2618 illam

505 2666 892 2730 tempestatum
923 2659 1288 2731 itnpultricem
1329 2666 1488 2728 atque
1522 2658 1670 2727 ipsos
1707 2657 2069 2711 mutationum

503 2749 729 2806 eﬂ'ectus
748 2750 922 2806 Graeci
949 2751 1048 2815 τὰς
1098 2750 1486 2821 ἐπισημασίας,
1519 2748 1700 2803 Latini
1735 2769 1754 2801 ‹
1794 2748 2072 2818 significa-

503 2840 685 2896 tiones
731 2859 752 2893 ι
797 2840 1104 2906 nominant;
1161 2848 1221 2894 ut
1259 2840 1361 2893 hoc
1404 2840 1737 2911 intelligatur
1785 2837 1839 2892 in
1898 2838 2070 2893 stellis

504 2931 718 2986 illarum
760 2931 961 2986 indicia
985 2947 1098 2986 non
1146 2947 1344 2987 causas
1385 2933 1539 2986 initio
1562 2931 1892 2986 constitutas
1925 2945 2068 2985 esse.

501 3022 642 3077 Tum
664 3024 843 3079 octavi
863 3023 1033 3088 orbis,
1063 3031 1116 3077 et
1149 3024 1462 3078 haarentium
1503 3023 1557 3077 in
1585 3038 1650 3078 eo
1680 3022 1918 3078 siderum
1944 3036 2070 3092 pro-

501 3117 714 3186 gressio
764 3131 982 3171 omnem
1039 3131 1100 3170 ex
1129 3115 1412 3169 doctorum
1438 3115 1635 3168 animis
1672 3113 2063 3167 dubitationem

501 3207 746 3262 sustulit.
774 3205 908 3260 Nam
961 3220 1081 3276 qua
1119 3207 1299 3260 sidera
1329 3206 1493 3260 certis
1521 3214 1679 3258 antea
1721 3205 1846 3259 ρωιί
1876 3205 2067 3258 statio-

503 3297 665 3352 nibus
692 3312 755 3351 ac
780 3297 1115 3366 temporibus
1141 3295 1294 3350 afﬁxa
1317 3295 1698 3360 credebantur,
1720 3310 1781 3350 ea
1811 3295 2069 3365 paulatim

497 3387 680 3442 locum
731 3388 994 3442 mutando
1022 3387 1179 3442 fidem
1208 3386 1538 3450 fefellerunt,
1573 3403 1672 3440 nec
1701 3388 1756 3440 in
1788 3403 1881 3442 eas
1909 3387 2070 3441 hodie

500 3486 850 3549 tempestates
891 3477 1157 3542 incidunt,
1198 3479 1399 3547 quibus
1435 3478 1518 3532 vel
1561 3477 1953 3550 significandis,
1984 3478 2069 3533 vel

498 3570 904 3626 commovendis
938 3571 1215 3625 attributae
1238 3571 1583 3628 videbantur.

568 3661 883 3719 Caniculam
901 3670 1022 3716 ortu
1053 3663 1387 3717 suoaistivos
1415 3663 1627 3717 calores
1654 3661 1936 3717 intendere
1958 3676 2069 3716 non

499 3755 676 3810 solum
698 3754 908 3824 antiqui
942 3769 1262 3824 persuasum
1296 3754 1590 3816 habebant,
1625 3751 1721 3810 sed
1757 3755 2067 3808 mortalium

498 3847 660 3900 hodie
692 3847 937 3900 omnium
986 3861 1112 3910 usu,
1135 3853 1208 3900 «et
1254 3847 1530 3900 communi
1568 3861 1818 3900 sermone
1845 3861 2070 3916 percre-

497 3939 636 3993 buit.
661 3938 798 3992 Cum
846 3944 1026 3992 autem
1071 3937 1270 4010 duplex
1301 3942 1372 3991 sit
1414 3947 1570 3994 ortus
1603 3936 1863 4002 siderum,
1898 3953 2067 4008 appa-

498 4046 648 4096 rens,
682 4030 800 4085 sive
852 4027 1138 4097 heliacus;
1176 4037 1229 4083 et
1251 4044 1434 4090 verus,
1467 4029 1559 4099 qui
1601 4036 1655 4083 et
1685 4027 1959 4083 cosmicus
1985 4027 2070 4081 di-

496 4122 641 4176 citur
672 4139 685 4175 :
723 4127 873 4174 tanta
923 4121 1015 4174 illa
1069 4122 1154 4176 vis
1176 4128 1344 4176 aestus
1385 4121 1640 4191 augendi,
1665 4136 1727 4175 ac
1747 4130 2066 4174 cancrorum

495 4211 925 4275 elﬁciendorum,
956 4211 1188 4276 heliaco,
1210 4226 1320 4265 non
1348 4212 1590 4266 cosmico
1617 4211 1891 4282 quondam
1920 4210 2066 4264 ortui

495 4304 750 4374 imputari
794 4304 1023 4368 solebat,
1074 4311 1132 4358 ut
1153 4319 1217 4357 ex
1258 4302 1486 4359 Gemino
1514 4304 1676 4372 paulo
1715 4310 1839 4358 ante
1864 4301 2068 4358 refere-

493 4397 690 4451 bamus
719 4412 731 4448 :
764 4397 906 4466 quod
937 4405 990 4450 et
1015 4398 1312 4464 scriptorcs
1342 4395 1434 4448 alii
1464 4410 1564 4448 nos
1597 4394 1828 4461 docent;
1865 4394 1956 4464 qui
1997 4407 2065 4446 ex

2182 1925 2400 1993 negotio
2435 1925 2667 1995 insignis
2693 1927 2952 1980 occurrit.

2248 2015 2437 2070 Ortum
2473 2016 2596 2071 Sirii
2618 2018 2863 2087 plerique
2896 2017 2949 2070 in
2978 2016 3031 2070 id
3064 2023 3397 2070 momentum
3433 2015 3761 2078 conferunt,

2175 2122 2284 2176 quo
2323 2107 2405 2161 sol
2441 2106 2674 2161 Leonem
2721 2108 3045 2178 ingreditur.
3089 2107 3355 2172 Quoniam
3392 2121 3521 2160 vero
3559 2106 3762 2160 solsti-

2175 2198 2247 2251 tia
2263 2206 2316 2253 et
2335 2199 2658 2267 aequinoctia
2685 2199 2739 2252 in
2761 2201 2968 2254 octavis
2988 2201 3251 2253 committi
3268 2199 3549 2269 signorum
3576 2214 3640 2268 pa
3651 2198 3761 2251 rti-

2174 2290 2277 2344 bus
2329 2291 2569 2360 vulgaris
2598 2299 2716 2345 erat
2757 2293 2963 2362 opinio,
3004 2291 3135 2346 hinc
3168 2291 3388 2345 totidem
3424 2300 3553 2344 ante
3581 2307 3757 2344 veros

2175 2382 2458 2451 ingressus
2498 2382 2692 2438 diebus
2741 2385 2894 2437 initia
2963 2383 3526 2437 dodecatemoriorum
3588 2391 3759 2436 ante-

2173 2482 2473 2528 verterunt.
2508 2472 2815 2528 Solstitium
2849 2473 2978 2528 Julii
3012 2473 3246 2529 Caesaris
3273 2473 3422 2528 Junii
3452 2480 3655 2543 quarto
3693 2484 3755 2528 et

2173 2564 2436 2620 vicesimo
2456 2565 2544 2620 die
2570 2565 2805 2620 defixum
2840 2575 2974 2620 erat.
2998 2564 3168 2636 Igitur
3192 2583 3260 2620 xv
3290 2564 3561 2619 Kalendas
3590 2563 3756 2628 Julii,

2172 2660 2286 2713 sive
2309 2657 2461 2712 Junii
2504 2674 2638 2723 va,
2671 2659 2724 2712 in
2755 2659 3026 2713 Cancrum
3061 2659 3142 2714 sol
3185 2659 3395 2728 ingredi
3429 2659 3753 2727 putabatur.

2174 2751 2228 2805 lu
2255 2749 2491 2807 Leonem
2529 2768 2657 2806 vero
2686 2759 2809 2822 post
2840 2767 3004 2805 unum
3038 2761 3092 2806 et
3122 2752 3343 2820 triginta
3370 2750 3507 2813 dies,
3536 2766 3605 2803 xv
3637 2748 3758 2802 Ka-

2173 2842 2362 2897 lendas
2419 2841 2672 2912 Augusti.
2739 2841 2950 2896 Plinius
2999 2842 3140 2896 libro
3181 2841 3246 2905 II,
3302 2842 3479 2911 capite
3533 2839 3754 2900 XLVII.

2178 2950 2196 2982 ι
2229 2930 2631 2985 Ardentissimo
2673 2931 2880 2986 :estatis
2921 2940 3162 3000 tempore
3186 2933 3433 2987 exoritur
3467 2930 3758 2986 Canicula

2174 3023 2350 3088 sidus,
2378 3023 2495 3078 sole
2522 3023 2751 3092 primam
2783 3031 2989 3094 partem
3016 3023 3214 3079 Leonis
3243 3025 3571 3094 ingrediente
3595 3042 3609 3076 :
3643 3025 3754 3092 qui

2172 3114 2292 3166 dies
2348 3129 2415 3166 xv
2446 3120 2571 3166 ante
2608 3112 2838 3181 Augusti
2901 3111 3192 3169 Kalendas.
3228 3130 3250 3165 ι
3305 3111 3468 3167 Libro
3517 3127 3757 3181 quoque

2174 3201 2312 3254 XVII
2333 3241 2349 3265 ,
2397 3203 2573 3272 capite
2604 3201 2836 3264 XXVIII,
2865 3211 2992 3272 post
3017 3203 3308 3257 solstitium
3341 3203 3470 3258 oriri
3496 3203 3756 3258 Canicu-

2171 3293 2277 3346 lam
2313 3294 2388 3346 ait
2429 3294 2518 3347 die
2551 3309 2706 3348 xxm.
2762 3292 2819 3348 Si
2862 3311 2957 3348 vnt
3003 3293 3274 3349 Kalendas
3304 3291 3431 3346 Julii
3463 3296 3524 3347 fit
3560 3295 3756 3348 solsti-

2170 3386 2330 3454 tium,
2368 3386 2645 3458 ingressus
2669 3388 2723 3441 in
2769 3387 3038 3442 Cancrum
3071 3404 3157 3441 va
3203 3388 3469 3443 Kalendas
3519 3388 3754 3450 accidit,

2170 3479 2262 3549 qui
2295 3486 2379 3534 est
2399 3477 2526 3532 Julii
2553 3495 2662 3533 xvn
2694 3477 2830 3534 dies.
2863 3477 3038 3533 Varro
3062 3479 3202 3533 libro
3225 3478 3266 3544 I,
3300 3481 3475 3550 capite
3499 3477 3751 3539 XXVIII.

2173 3587 2202 3622 a
2239 3569 2476 3624 solstitio
2492 3569 2559 3623 ad
2580 3578 2828 3623 exortum
2851 3568 3124 3623 Canicula:
3149 3570 3266 3624 dies
3294 3577 3548 3622 numerat
3578 3585 3752 3633 xxix;

2169 3658 2469 3714 Columella
2521 3660 2661 3714 libro
2691 3658 2782 3724 IX,
2812 3661 2990 3728 capite
3020 3659 3159 3726 XIV,
3186 3662 3302 3716 dies
3335 3676 3472 3725 xxx;
3532 3661 3655 3724 alii,
3692 3671 3754 3714 ut

2169 3751 2444 3808 Palladius
2477 3755 2615 3808 libro
2642 3753 2749 3820 VII,
2778 3755 2860 3807 tit.
2889 3753 2981 3820 IX,
3003 3756 3318 3809 Caniculam
3345 3770 3438 3808 xlv
3463 3751 3756 3810 Kalendas

2169 3845 2397 3914 Augusti
2421 3845 2554 3899 oriri
2579 3846 2836 3900 tradunt:
2862 3847 2954 3916 qui
2978 3855 3062 3901 est
3087 3862 3180 3900 xtx
3211 3844 3340 3900 Julii
3369 3845 3489 3899 dies
3526 3863 3541 3899 :
3579 3861 3756 3915 quem

2167 3943 2221 3991 et
2248 3934 2568 3993 Ptolemaeus
2597 3936 2782 3992 Graece
2807 3952 2837 3990 a
2869 3937 3028 3993 nobis
3059 3937 3239 3992 editus
3282 3937 3423 3991 inter
3457 3937 3606 3992 alios
3633 3953 3758 3992 me-

2170 4035 2368 4081 morat.
2393 4026 2526 4080 Nam
2563 4035 2617 4083 et
2649 4027 2842 4097 Epiphi
2878 4043 2992 4090 xxt,
3036 4029 3086 4082 id
3117 4035 3202 4082 est
3235 4025 3363 4082 Julii
3389 4043 3480 4089 xv,
3514 4034 3573 4080 et
3619 4026 3749 4096 Ep;-

2170 4115 2261 4186 phi
2313 4133 2435 4181 xxv,
2475 4118 2674 4188 quiest
2700 4116 2830 4170 Julii
2863 4133 2978 4182 ιιι,
3006 4126 3058 4172 et
3084 4116 3273 4187 Epiphi
3302 4133 3470 4181 xxvrt,
3498 4115 3634 4170 Julii
3659 4135 3757 4172 xx!

2169 4208 2322 4276 ponit
2357 4219 2536 4262 ortum
2562 4208 2838 4262 Canicula:
2865 4227 2876 4262 :
2905 4223 3014 4278 quo
3047 4209 3134 4263 die
3155 4209 3493 4264 Censorinus
3525 4225 3761 4280 quoque

2169 4297 2225 4351 in
2254 4296 2492 4369 Egypto
2532 4298 2665 4353 oriri
2695 4300 2883 4353 scribit
2906 4315 3028 4370 cap.
3064 4297 3204 4352 XXI.

2237 4390 2314 4444 Ac
2368 4391 2543 4460 major
2567 4406 2714 4462 pars,
2763 4399 2822 4444 ut
2870 4391 3008 4456 dixi,
3041 4389 3320 4453 Veterum,
3361 4391 3453 4460 qui
3490 4403 3621 4460 post
3657 4408 3764 4447 an-

494 4487 723 4542 orientis
770 4487 1047 4542 Caniculae
1089 4494 1378 4557 prospectu
1451 4485 1758 4539 futurorum
1804 4485 2062 4556 pra'sagia
2097 4492 2140 4549 ο
2168 4481 2584 4537 numJulianum
2601 4487 2880 4540 conditum
2904 4482 3764 4554 scripserunt,ortumCanicula:

495 4581 600 4648 peti
637 4579 796 4634 solita
817 4579 1213 4634 demonstrant.
1247 4575 1338 4632 Sic
1363 4575 1629 4632 Homerus
1658 4573 1823 4632 Iliad.
1855 4591 1910 4642 ι,
1939 4575 2067 4631 Sirii

495 4670 816 4725 describens
843 4680 1023 4725 ortum
1057 4687 1071 4724 :

495 4806 604 4870 ’ος
617 4807 698 4871 ρά
725 4806 774 4858 τ’
801 4804 1033 4869 ὀπώρης
1059 4799 1218 4856 εἶσιν
1235 4819 1248 4832 ·
1275 4801 1539 4871 ἀρίζηλοι
1571 4801 1640 4855 δὲ
1665 4805 1718 4857 οι
1743 4803 1916 4872 αὐγαὶ

495 4877 807 4928 duritiem-tat
831 4873 1112 4927 πολλοῖσι
1131 4873 1256 4941 μετ’
1271 4873 1530 4940 domum
1557 4871 1776 4937 νυκτὸς
1799 4871 2060 4942 ἀμολγῷ·

496 4950 608 4998 "m'
628 4962 688 4998 τε
711 4945 839 4997 κύν’
888 4945 1168 5012 Ὠρίωνος
1191 4944 1513 5010 ἐπίκλησιν
1541 4943 1868 4996 καλέουσιν
1893 4961 1905 4973 ·

493 5016 914 5084 Λιιμπρότατος
946 5011 1075 5082 ίμὲν
1112 5011 1196 5065 ὅδ’
1243 5013 1394 5078 ἐστὶ,
1454 5013 1642 5066 κακὸν
1704 5011 1770 5064 δέ
1805 5029 1868 5065 τε
1901 5011 2066 5080 σῆμα

1285 5087 1291 5093 ’
1749 5081 2062 5153 [τέτυκται.

1774 5099 2062 5137 τετυκται.

570 5217 850 5272 lleliacum
891 5225 1072 5271 ortum
1104 5215 1379 5286 intelligit,
1423 5230 1517 5285 qui
1555 5223 1744 5270 testate
1778 5214 2063 5271 desinente

495 5307 571 5369 fit,
603 5323 764 5377 quam
794 5305 1016 5379 ὀπώραν
1046 5315 1228 5370 vocat,
1258 5317 1499 5362 extrema
1549 5314 1741 5371 nocte,
1800 5317 1859 5361 ut
1915 5317 2063 5361 recte

494 5395 816 5454 Eustathius~
848 5399 1091 5468 exponit.
1153 5399 1475 5468 Quanquam
1528 5396 1678 5452 Theo
1729 5396 1796 5450 ad
1836 5399 2060 5452 Aratum

494 5489 742 5558 ingentes
777 5489 902 5543 illos
945 5498 1113 5542 aestus
1163 5489 1307 5542 ortui
1345 5487 1586 5542 cosmico
1633 5486 1848 5542 videtur
1887 5490 2060 5543 ascri-

495 5581 640 5632 lwre.
691 5579 855 5649 Atqui
917 5581 1158 5650 longiore
1217 5580 1472 5648 deinceps
1517 5593 1784 5632 annorum
1844 5582 2060 5635 evoluto

495 5675 690 5739 Spatia,
731 5681 1016 5742 postquam
1051 5673 1202 5727 sidus
1246 5671 1374 5724 illttd
1411 5673 1490 5733 εἰς
1535 5671 1620 5746 τὰ.
1653 5671 1891 5741 ἑπόμενα
1934 5689 2059 5742 pro-

491 5763 828 5822 gressionem
863 5763 1074 5826 habuit,
1106 5762 1964 5843 intempestaomnisinanifeste
1990 5764 2057 5844 ab

2169 4573 2347 4641 primo
2363 4574 2417 4628 in
2431 4573 2665 4630 Leonem
2688 4577 2958 4647 ingressui
2975 4577 3108 4631 solis
3129 4575 3430 4645 assignant;
3453 4585 3517 4627 ut
3545 4574 3654 4628 Var
3669 4593 3759 4640 ro,

2171 4671 2227 4716 ut
2247 4661 2567 4731 Columella,
2586 4675 2643 4719 ut
2669 4662 2968 4729 Palladius,
2987 4672 3045 4718 ut
3063 4663 3334 4724 Manilius,
3352 4671 3410 4715 ut
3441 4661 3758 4728 Firmicus.

2169 4768 2232 4808 ac
2265 4755 2449 4810 caeteri
2493 4775 2506 4812 :
2553 4758 2646 4826 qui
2695 4757 2854 4826 quasi
2897 4772 2994 4826 per
3031 4770 3226 4810 manus
3275 4755 3538 4808 traditam
3603 4757 3760 4812 hanc

2167 4847 2480 4914 opinionem
2508 4849 2744 4918 posteris
2777 4848 3140 4904 tradiderunt.
3169 4846 3228 4900 In
3258 4861 3366 4916 quo
3409 4850 3764 4905 recentiores

2166 4941 2368 5010 quique
2409 4943 2701 5012 plurimum
2738 4943 2859 5000 falsi
2886 4952 3034 5000 sunt.
3088 4941 3222 4996 Nam
3255 4956 3428 5011 neque
3466 4939 3604 4994 Julii
3657 4960 3769 4998 sa-

2166 5031 2313 5096 culo,
2369 5047 2545 5103 neque
2585 5033 2971 5098 Constantini;
3009 5050 3119 5104 quo
3153 5031 3444 5094 Firmicus,
3482 5046 3547 5084 ac
3583 5037 3771 5108 paulo

2164 5133 2306 5192 post,
2343 5133 2403 5178 ut
2444 5126 2807 5195 quorumdam
2853 5136 2934 5182 est
2962 5127 3168 5195 opinio,
3205 5124 3457 5179 Manilius
3508 5123 3717 5177 floruit
3751 5145 3768 5188 ;

2164 5220 2318 5269 ortus
2347 5214 2590 5269 heliacus
2624 5215 2774 5278 Sirii,
2805 5218 2872 5271 de
2897 5231 3007 5285 quo
3035 5215 3126 5269 isti
3175 5216 3498 5282 loquuntur,
3537 5213 3595 5264 in
3647 5217 3774 5282 pri-

2165 5322 2306 5360 mam
2355 5315 2562 5377 partem
2593 5308 2813 5364 ~Leonis
2868 5306 3051 5362 Romae
3082 5308 3293 5362 incidit.
3343 5305 3558 5360 Etenim
3607 5321 3773 5363 anno

2164 5398 2340 5465 primo
2370 5397 2587 5453 Juliano
2641 5401 2879 5459 cosmicc
2931 5399 3211 5454 oriebatur
3249 5397 3517 5452 Canicula
3559 5395 3775 5454 Romae

2163 5503 2286 5541 cum
2324 5487 2496 5559 gradu
2532 5489 2729 5543 Cancri
2757 5489 2850 5554 2%,
2879 5490 3000 5556 ιδ’,
3032 5491 3237 5545 heliace
3261 5504 3386 5544 cum
3418 5487 3598 5558 gradu
3629 5487 3776 5544 Leo-

2163 5579 2249 5632 nis
2275 5578 2327 5640 7,
2361 5579 2476 5632 ιδ’.
2504 5580 2574 5632 At
2624 5580 2678 5632 in
2710 5578 2905 5634 Rhodo
2950 5580 3138 5635 eodem
3165 5579 3370 5634 sarculo
3397 5587 3558 5632 ortus
3604 5580 3777 5647 ejus-

2162 5671 2283 5723 dem
2327 5671 2603 5725 cosmicus
2643 5671 2698 5724 iu
2745 5669 2944 5724 Cancri
2991 5673 3216 5740 gradqu
3272 5670 3360 5732 I6,
3393 5669 3531 5733 48';
3565 5668 3778 5723 Helia-

2134 5779 2265 5851 ‘cus
2301 5764 2355 5818 in
2388 5762 2586 5820 Leonis
2618 5763 2924 5847 t_cadehat.
2957 5763 3115 5835 Quod
3145 5765 3254 5819 illic
3285 5771 3445 5818 aetate
3469 5777 3576 5816 sua
3622 5776 3778 5818 cono
