4022 6398
316 375 456 434 1ζ39

1138 370 1593 427 DISSER‘I'ATIO
1635 369 1719 425 DE
1758 368 1945 424 ORTU
1987 366 2071 420 ΕΤ
2112 367 2378 423 OCCASU
2422 367 2743 425 SIDERCIII.

3417 377 3549 430 IS'J'J

316 489 507 559 tigisse
535 495 768 544 testatur
795 487 1078 553 Geminus,
1109 497 1164 542 et
1187 497 1312 542 ante
1345 486 1490 540 hunc
1513 485 1880 556 Hipparchus.
1913 495 1957 550 Α
1987 499 2108 538 nem
2133 485 2265 538 oriri
2294 485 2524 541 dixerat.
2567 486 2709 541 Sane
2756 487 2934 558 primo
2968 503 3112 542 anno
3141 488 3362 545 Juliano
3393 509 3551 547 verus

318 577 396 632 Ex
428 593 537 648 quo
573 579 640 634 de
670 579 885 634 Gemini
931 586 1090 633 aetate
1122 577 1441 648 conjectura
1471 587 1663 632 nostra
1703 576 1886 629 firma-

319 678 426 725 tur.
457 670 567 726 Nos
598 673 740 726 enim
771 672 866 725 lib.
903 669 946 722 II
982 670 1060 724 De
1082 669 1223 724 doct.
1264 680 1444 738 temp.,
1475 685 1598 738 cap.
1618 670 1707 734 VI,
1733 680 1886 723 sexto

323 757 491 816 Urbis
526 763 728 816 saeculo
770 763 948 832 ipsum
1005 762 1258 817 ﬂoruisse
1288 761 1784 816 demonstravimus
1820 777 1885 815 ex

317 867 405 916 co,
434 854 580 923 quod
605 863 728 908 ante
757 869 932 908 annos
971 853 1134 918 CXX,
1181 868 1342 925 quam
1378 854 1664 917 scriberet,
1701 853 1806 908 Isia
1830 855 1886 907 in

318 938 529 995 Eudoxi
562 943 768 1012 τροπὰς
797 943 1057 998 incidisse
1093 944 1312 1013 prodit:
1355 944 1421 998 de
1452 959 1560 1014 quo
1591 957 1786 997 rursus
1831 945 1886 997 in

317 1031 474 1086 Notis
521 1031 587 1085 ad
637 1031 847 1088 Gemini
886 1050 1008 1104 pag.
1052 1033 1120 1088 I9
1150 1035 1458 1088 accuratius
1486 1042 1798 1089 estactum.

388 1121 572 1176 Redeo
602 1123 669 1176 ad
735 1133 912 1178 ortum
951 1125 1243 1180 Caniculae.
1302 1125 1473 1191 Quem
1504 1141 1626 1179 cum
1673 1125 1886 1181 Gemini

314 1215 624 1270 rationibus
643 1216 974 1271 adamussim
993 1217 1422 1272 consentientem
1446 1218 1665 1273 exhibet
1686 1218 1890 1272 metho-

317 1302 422 1359 dus
445 1313 652 1360 nostra.
686 1305 897 1361 Plinius
931 1316 1133 1370 autem,
1167 1315 1219 1362 et
1255 1309 1461 1370 caeteri,
1491 1309 1585 1378 qui
1619 1309 1764 1364 circa
1793 1307 1889 1363 Ju-

319 1395 375 1449 lii
409 1412 562 1462 xvtn,
596 1399 678 1452 vel
711 1415 822 1460 xu,
853 1400 908 1453 in
952 1398 1125 1469 prima
1159 1409 1312 1469 parte
1344 1401 1540 1455 Leonis
1591 1401 1721 1455 oriri
1752 1403 1889 1456 scri-

320 1498 580 1558 pserunt,
631 1490 767 1546 falsa
817 1491 904 1544 illa
953 1492 1307 1560 persuasione
1351 1493 1482 1546 moti
1520 1501 1670 1558 sunt,
1725 1510 1886 1564 quam

319 1597 488 1652 supra
545 1592 742 1652 quarto
788 1585 986 1652 capite,
1039 1601 1105 1639 ex
1151 1596 1480 1655 prazpostera
1538 1588 1888 1658 antiquorum

319 1674 623 1729 imitatione
648 1691 932 1745 perperam
963 1675 1070 1730 illis
1095 1676 1408 1746 Obrepsisse
1437 1681 1886 1734 monstravimus.

319 1764 422 1820 Hic
460 1766 670 1836 primus
719 1783 910 1821 eorum
963 1767 1066 1823 fuit
1110 1783 1286 1823 error.
1335 1768 1436 1824 Cui
1470 1770 1607 1825 alter
1635 1773 1888 1840 accessit,

321 1859 466 1928 quod
505 1874 629 1912 cum
663 1874 846 1919 verus.
871 1867 924 1914 et
950 1861 1224 1915 cosmicus
1253 1869 1408 1914 ortus
1435 1859 1710 1916 Caniculae
1743 1863 1891 1917 circa

321 1949 377 2003 id
439 1955 692 2017 tempus,
733 1949 880 2018 quod
919 1950 989 2005 ab
1033 1950 1142 2005 illis
1195 1963 1520 2021 conceptum
1549 1961 1654 2016 est,
1707 1951 1893 2009 Roma:

319 2041 694 2112 contingeret,
741 2042 994 2099 Heliacus
1036 2053 1216 2098 autem
1254 2061 1363 2100 non
1404 2046 1456 2098 in
1492 2045 1666 2110 ltalia,
1705 2047 1801 2101 sed
1837 2048 1892 2102 in

317 2130 555 2202 ἐξεγριο
591 2133 697 2188 sub
737 2133 878 2189 idem
930 2143 1142 2203 tempus
1204 2135 1514 2199 accideret,
1546 2136 1635 2191 isti
1659 2152 1778 2207 quae
1824 2139 1894 2192 ab

319 2223 722 2290 Alexandrinis,
747 2234 800 2281 et
836 2226 1095 2296 Egyptiis
1123 2227 1188 2283 ad
1216 2243 1376 2282 suum
1406 2237 1640 2283 tractum
1671 2244 1891 2284 accom-

317 2316 560 2380 modata,
593 2317 920 2388 scriptisque
943 2319 1156 2388 prodita
1182 2329 1358 2384 erant,
1409 2321 1474 2374 ad
1521 2319 1767 2374 Italicum
1800 2336 1895 2391 ap-

315 2407 616 2476 plicarunt.
641 2407 806 2463 Ortus
829 2410 1104 2465 cosmicus
1132 2409 1260 2464 Sirii
1291 2425 1434 2463 anno
1467 2410 1646 2479 primo
1671 2408 1894 2466 Juliano

315 2499 663 2570 Alexandria:
717 2501 879 2556 fiebat
937 2502 992 2556 in
1037 2503 1208 2572 gradu
1237 2500 1434 2557 Cancri
1473 2501 1563 2567 12,
1593 2503 1698 2568 27',
1745 2503 1892 2556 circa

315 2606 398 2646 vu
442 2589 572 2646 Julii
604 2611 618 2648 :
650 2592 898 2648 heliacus
944 2593 1001 2648 in
1044 2594 1217 2664 gradu
1262 2593 1352 2658 26,
1407 2593 1476 2656 9',
1511 2595 1614 2648 hoc
1647 2603 1731 2649 est
1763 2592 1893 2648 Julii

315 2683 439 2739 fere
465 2700 558 2740 xx.
591 2685 959 2752 Quamobrem
990 2687 1136 2756 quod
1170 2687 1248 2740 illi
1282 2687 1350 2740 de
1381 2693 1536 2741 ortus
1563 2687 1892 2743 canicularis

315 2779 568 2843 tempore
611 2775 879 2840 scribunt,
913 2775 958 2830 si
1001 2775 1070 2830 de
1112 2774 1300 2830 Italico
1345 2776 1469 2829 θεειί
1501 2776 1682 2845 positu
1712 2791 1894 2831 sermo

312 2870 428 2928 est,
483 2864 551 2920 ad
604 2867 901 2922 cosmicum
957 2866 1194 2921 refertur
1228 2886 1242 2922 :
1281 2869 1366 2923 sin
1401 2867 1708 2939 IEgyptiaci
1751 2871 1894 2925 ratio

313 2952 564 3021 ducitur,
598 2953 844 3010 beliacus
870 2955 1150 3011 habendus
1182 2965 1285 3012 est.
1315 2953 1636 3024 Columella,
1669 2960 1762 3030 qui
1802 2961 1896 3014 tri-

313 3045 530 3099 cesimo
555 3046 622 3100 ab
649 3045 906 3109 solstitio,
967 3054 1022 3102 et
1057 3048 1126 3102 ab
1154 3056 1347 3104 octava
1375 3057 1530 3118 parte
1573 3049 1770 3104 Cancri
1806 3051 1894 3108 die

1987 583 2161 641 ortus,
2199 577 2313 631 sive
2361 578 2636 633 cosmicus
2680 577 2942 649 Procynis
2987 579 3172 637 Romae
3215 600 3337 638 cum
3381 587 3550 654 gradu

1987 663 2072 726 Il,
2105 664 2162 717 0'
2197 665 2390 720 Cancri
2427 669 2588 722 fiebat
2625 685 2638 719 :
2681 669 2924 724 beliacus
2957 686 3081 725 cum
3111 661 3354 743 ejusdem
3384 678 3550 745 gradu

1984 754 2078 814 27,
2121 755 2237 809 54'.
2268 756 2337 810 At
2368 757 2422 810 in
2461 756 2696 829 Egypto
2728 762 3002 816 cosmicus
3049 767 3273 835 contigit
3303 767 3355 820 in
3384 771 3548 837 gradu

1987 844 2186 900 Cancri
2220 846 2274 907 6,
2310 848 2434 914 17';
2482 849 2726 905 heliacus
2760 852 2814 904 in
2843 840 2935 915 2i,
2961 853 3041 908 5'.
3092 854 3344 913 Manilius
3374 868 3553 915 autem

1986 935 2084 990 lib.
2110 933 2176 1002 V,
2211 945 2265 991 et
2294 937 2589 1002 Firmicus,
2643 949 2702 994 ut
2748 952 2894 998 recte
2928 942 3170 1015 Scaliger
3223 950 3553 1014 emendavit,

1988 1025 2288 1097 Prncynem
2355 1031 2410 1084 in
2463 1031 2660 1088 Cancri
2721 1043 2873 1105 parte
2926 1053 3072 1091 xxvu
3123 1039 3256 1092 oriri
3311 1043 3552 1099 volunt:

1963 1117 2132 1188 'quod
2174 1128 2228 1173 et
2275 1119 2401 1176 Julii
2441 1126 2663 1186 saeculo,
2715 1142 2823 1191 non
2851 1125 3070 1183 Firmici
3124 1141 3556 1189 consentaneum

1987 1222 2093 1265 est.

2059 1300 2176 1357 Duo
2222 1312 2352 1358 sunt
2397 1306 2454 1359 in
2506 1307 2646 1361 caelo
2687 1308 2888 1372 sidera,
2931 1311 3128 1381 quibus
3162 1312 3328 1368 Canis
3361 1331 3557 1371 nomen

1989 1395 2247 1463 competit
2283 1415 2295 1449 :
2328 1396 2598 1468 Procyon,
2634 1409 2688 1454 et
2715 1400 2895 1454 Κύων.
2940 1403 3036 1456 Ille
3075 1403 3394 1470 Antecanis,
3435 1423 3560 1473 ,snve

1989 1486 2331 1543 minusculus
2363 1488 2531 1544 Canis
2572 1501 2819 1556 vocatur,
2883 1492 2952 1546 ad
3004 1495 3234 1549 lacteum
3291 1499 3558 1554 circulum

1990 1577 2221 1646 positus,
2248 1579 2392 1634 inter
2412 1580 2842 1650 aequinoctialem
2867 1583 3130 1639 circulum
3159 1595 3212 1641 et
3240 1589 3557 1648 zodiacum:

1990 1669 2237 1738 duasque
2294 1672 2479 1727 stellas
2520 1673 2683 1727 habet
2713 1691 2728 1740 ;
2775 1674 2829 1728 in
2859 1675 3000 1729 collo
3030 1692 3193 1730 unam
3220 1717 3236 1741 ,
3268 1680 3324 1732 in
3356 1679 3562 1735 femore

1992 1753 2241 1822 alteram,
2279 1772 2399 1826 quae
2429 1767 2482 1813 et
2503 1757 2752 1832 Procyon
2782 1763 3087 1831 appellatur
3123 1768 3362 1836 proprie.
3388 1769 3560 1836 Cujus

1991 1845 2149 1916 origo
2181 1849 2432 1904 vocabuli
2465 1867 2529 1905 ex
2573 1867 2641 1906 eo
2685 1854 2912 1922 petitur,
2945 1856 3089 1926 quod
3120 1857 3286 1914 Canis
3338 1876 3402 1915 ac
3433 1861 3562 1918 Sirii

1991 1937 2260 2003 pracedat
2287 1945 2489 1995 ortum.
2523 1941 2689 1997 Canis
2723 1951 2904 1998 autem
2931 1945 3085 2000 sidus
3113 1957 3196 2002 est
3219 1950 3286 2003 ad
3311 1962 3560 2006 austrum

1992 2025 2133 2080 infra
2187 2029 2622 2099 arquinoctialem
2666 2034 2959 2090 circulum.
3017 2035 3170 2103 Quod
3218 2055 3340 2094 cum
3376 2044 3562 2100 stellas

1991 2117 2188 2173 habeat
2211 2120 2414 2190 plures,
2453 2125 2778 2194 praecipuam
2812 2136 2991 2183 tamen
3020 2129 3076 2182 in
3109 2143 3203 2183 ore
3253 2145 3318 2184 ac
3343 2134 3564 2187 maxilla

1993 2211 2163 2279 gerit:
2204 2228 2365 2281 quam
2396 2212 2596 2268 Sirium
2619 2223 2836 2278 vocant,
2876 2215 3054 2271 Latini
3081 2219 3420 2285 Caniculam,
3458 2225 3564 2279 etsi

1992 2298 2251 2354 Canicula
2297 2311 2689 2372 nonnunquam
2739 2322 2836 2374 pro
2865 2314 2979 2361 toto
3010 2309 3126 2378 ipso
3171 2311 3348 2366 sidere
3391 2316 3568 2369 sumi-

1993 2397 2102 2447 tur.
2131 2390 2343 2447 Plinius
2370 2394 2464 2449 lib.
2503 2394 2690 2458 XVIll,
2729 2411 2851 2466 cap.
2879 2396 3095 2452 XXVIII
3132 2413 3287 2472 negat
3325 2403 3563 2478 Procyni

1993 2497 2190 2539 nomen
2239 2485 2382 2555 apud
2440 2485 2718 2544 Romanos
2748 2490 2918 2544 ullum
2949 2507 3090 2547 esse.
3158 2513 3177 2546 ι
3223 2495 3375 2561 Quod
3410 2500 3564 2556 sidus

1995 2571 2137 2641 apud
2181 2573 2482 2640 Romanos,
2543 2576 2738 2646 inquit,
2790 2594 2897 2633 non
2947 2579 3107 2636 habet
3169 2599 3388 2649 nomen,
3455 2590 3565 2645 nisi

1992 2662 2308 2720 Caniculam
2331 2667 2470 2722 hanc
2495 2669 2722 2726 velimus
2759 2671 2985 2742 intelligi
3009 2689 3024 2724 :
3055 2674 3157 2728 hoc
3182 2685 3267 2731 est
3299 2680 3562 2736 minorem

1992 2754 2227 2824 Canem,
2262 2769 2320 2814 ut
2351 2759 2408 2813 in
2432 2761 2596 2816 astris
2620 2763 2896 2832 pingitur:
2923 2765 2988 2818 ad
3019 2776 3209 2820 austum
3240 2784 3566 2842 magnopere

1991 2847 2294 2915 pertinens.
2333 2867 2353 2900 ι
2403 2848 2479 2903 Ita
2506 2848 2803 2909 Peliserius
2832 2855 3214 2911 cmendaverat
3247 2859 3301 2912 in
3344 2876 3440 2916 ora
3469 2878 3561 2918 co-

1993 2938 2131 2993 dicis
2157 2939 2264 3004 sui,
2308 2955 2407 3012 pro
2432 2957 2541 3011 quo
2570 2944 2732 3014 vulgo
2766 2945 2964 3014 legitur
2993 2965 3006 3000 :
3043 2965 3062 2998 ι
3098 2947 3196 3003 Est
3243 2959 3424 3007 autem
3451 2969 3568 3008 ma-

1995 3041 2231 3097 gnopere
2281 3031 2580 3100 pertinens.
2627 3052 2649 3085 ι
2706 3031 2984 3091 Pertinere
3014 3037 3082 3091 ad
3124 3047 3316 3094 aestum
3363 3040 3568 3116 Procy-

314 3134 597 3190 Caniculaa
623 3137 776 3206 ponit
822 3145 1104 3203 exortum,
1162 3140 1478 3209 imprudens
1530 3143 1584 3196 in
1611 3143 1890 3198 veritatem
1920 3177 1963 3234 ο
1994 3133 2118 3234 Ife?
2169 3119 2267 3234 af"
2313 3123 2573 3234 quem?"
2596 3141 2623 3228 _‘
2664 3124 2974 3234 coqfessum
3014 3127 3157 3183 inter
3196 3144 3390 3234 omn-8%
3413 3134 3568 3189 Sid“

315 3225 581 3294 delapsus
603 3233 706 3280 est.
753 3223 844 3280 Sic
871 3227 1015 3280 enim
1049 3235 1260 3298 partem
1290 3229 1346 3284 in
1373 3229 1572 3286 Leonis
1609 3234 1893 3300 septimam

315 3314 444 3371 fere
486 3317 703 3371 redacta
734 3317 876 3371 ratio
907 3327 1011 3374 est.
1061 3317 1169 3372 Sed
1201 3319 1258 3374 in
1298 3330 1542 3392 tempore
1589 3322 1900 3378 definiendo

313 3407 568 3477 vulgaris
600 3407 754 3461 illum
787 3423 944 3462 error
973 3410 1253 3479 abripuit;
1291 3426 1416 3465 nam
1457 3412 1584 3482 quia
1625 3414 1758 3469 solis
1813 3415 1900 3469 in-

315 3499 553 3552 troitum
600 3498 656 3551 in
705 3497 978 3554 Cancrum
1027 3499 1177 3555 Junii
1222 3517 1333 3556 xvu
1385 3504 1604 3559 circiter
1631 3505 1897 3576 illigavit,

316 3589 529 3645 Leonis
553 3589 760 3644 aditum
789 3590 917 3646 Julii
949 3609 1078 3647 xvm
1102 3601 1530 3650 consentaneum
1561 3604 1645 3653 est
1673 3598 1898 3662 ascribi,

318 3690 513 3736 ortum
549 3697 679 3737 vero
707 3681 981 3737 Canicula:
1010 3681 1138 3738 Julii
1186 3700 1319 3738 χχιιι
1354 3687 1439 3740 vel
1469 3701 1617 3752 xxiv,
1651 3687 1703 3742 in
1748 3699 1902 3758 parte

319 3773 532 3829 Leonis
565 3775 784 3830 circiter
826 3775 1080 3845 septima.
1126 3773 1185 3830 In
1211 3790 1322 3846 quo
1349 3783 1530 3832 tamen
1580 3777 1716 3848 fugit
1747 3780 1899 3833 illum

321 3865 498 3919 ratio.
543 3864 750 3936 Quippe
772 3865 1028 3921 Kalendis
1079 3866 1359 3938 Augustis,
1417 3867 1500 3921 vel
1535 3869 1698 3938 paulo
1755 3879 1900 3938 post,

322 3954 580 4010 beliacus
609 3955 882 4012 Caniculae
924 3957 1078 4012 ortus
1113 3973 1209 4028 per
1260 3959 1314 4013 id
1368 3967 1580 4028 tempus
1629 3960 1899 4030 congruit.

319 4044 457 4101 Non
510 4046 707 4102 minori
749 4047 1171 4103 hallucinatione
1200 4048 1411 4103 Plinius
1454 4050 1712 4104 vicesimo
1742 4052 1904 4105 tertio

321 4144 464 4211 post
494 4137 790 4192 solstitium
823 4139 911 4193 die
936 4139 1066 4193 oriri
1093 4138 1409 4194 Caniculam
1439 4141 1644 4196 heliace
1670 4144 1897 4210 putavit,

318 4244 464 4285 cum
495 4243 684 4283 revera
713 4229 936 4283 totidem
963 4239 1086 4300 post
1116 4231 1411 4286 solstitium
1439 4231 1631 4288 diebus
1664 4234 1903 4290 cosmice

316 4327 496 4376 aetate
519 4317 646 4374 Julii
679 4320 912 4376 Caesaris
941 4321 1199 4375 oriretur.

405 4410 654 4481 Scaliger
679 4410 833 4467 Notis
871 4412 939 4466 ad
970 4411 1175 4466 Manilii
1219 4413 1315 4468 lib.
1351 4411 1394 4465 V
1427 4415 1572 4484 (pag.
1596 4415 1746 4482 405),
1774 4430 1903 4485 poe—

2002 3211 2231 3277 indicat,
2275 3215 2423 3282 quod
2476 3214 2642 3271 Canis
2692 3225 2871 3271 ortum
2916 3233 3196 3278 vocamus.
3229 3240 3249 3274 ι
3311 3223 3570 3296 Adeoque

1999 3303 2273 3372 ingentem
2303 3306 2456 3362 illum
2487 3315 2681 3363 aestum
2711 3308 2999 3365 denuntiat
3029 3329 3043 3366 :
3079 3311 3190 3367 imo
3227 3323 3282 3370 et
3325 3331 3388 3371 ex
3414 3326 3571 3387 parte

2000 3393 2152 3449 facit.
2185 3393 2323 3452 Hinc
2349 3396 2723 3456 Horatiuslib.
2756 3399 2844 3467 ιιι,
2888 3399 3004 3456 Ode
3030 3402 3098 3457 50
3129 3420 3143 3456 :

2494 3509 2620 3582 Jam
2646 3510 2888 3582 Procyon
2913 3514 3046 3582 [urit

2353 3578 2425 3632 Et
2452 3581 2611 3634 stella
2635 3578 2810 3635 vesani
2834 3578 3025 3639 Leonis

2355 3648 2478 3704 Sole
2500 3652 2610 3704 dies
2639 3653 2893 3722 referente
2911 3655 3100 3709 siccos.

2070 3761 2188 3818 Nisi
2241 3763 2366 3832 quis
2423 3765 2659 3820 fortasse
2692 3765 2993 3838 Procynem
3049 3770 3120 3825 ab
3171 3771 3396 3831 Horatio
3441 3793 3566 3836 cum

2003 3851 2150 3907 Sirio
2190 3853 2456 3909 confundi
2487 3857 2636 3918 velit,
2665 3858 2924 3926 quoniam
2955 3861 3128 3929 prima
3158 3863 3273 3919 haec
3295 3871 3570 3928 asterismi

2001 3943 2166 3999 Canis
2194 3945 2348 4000 stella
2381 3955 2505 4000 ante
2537 3953 2783 4012 caeteras,
2820 3948 3063 4020 adeoque
3101 3961 3226 4009 ante
3261 3963 3432 4012 totum
3488 3961 3571 4031 ip-

2003 4048 2124 4088 sum
2158 4033 2359 4090 Canem
2399 4045 2639 4106 apparet.
2707 4037 2798 4094 Sic
2830 4040 2976 4093 enim
3012 4039 3249 4098 Galenus
3298 4047 3352 4101 in
3413 4049 3507 4104 lib.
3552 4051 3571 4103 I

2001 4125 2244 4195 Epidem.
2297 4126 2640 4198 Hippocratis
2675 4168 2690 4192 ,
2751 4131 2914 4183 Κύων
2942 4133 3056 4200 τμὲν
3093 4134 3200 4208 γὰρ
3238 4136 3300 4189 τὸ
3353 4139 3576 4210 σύμπαν

2001 4218 2217 4290 ἄστρον
2245 4220 2272 4271 ὁ
2295 4219 2357 4271 δὲ
2388 4220 2479 4271 ἐπὶ
2507 4220 2604 4288 τῆς
2631 4220 2822 4288 γένυος
2845 4223 3008 4276 αὐτοῦ
3041 4217 3277 4296 Σείριος.
3307 4229 3366 4282 δν
3399 4231 3575 4301 ὀρθῶς

2001 4308 2068 4361 ἄν
2111 4325 2194 4372 τις
2247 4309 2498 4380 ὀνομάζοι
2555 4310 2648 4364 τὸν
2685 4312 2967 4383 Πρόκυνα,
3002 4315 3062 4368 οὐ
3117 4317 3206 4370 τὸν
3256 4319 3428 4374 Κύνα.
3472 4323 3574 4376 Si-

2003 4397 2144 4450 rium
2176 4398 2252 4451 ait
2306 4400 2566 4470 appellari
2600 4415 2630 4454 a
2686 4404 2971 4460 nonnullis
3017 4404 3174 4470 κύνα,
3214 4411 3358 4478 quod
3399 4417 3587 4472 totius.

325 4514 450 4558 tam
483 4518 641 4557 suum
668 4504 914 4574 corrigit,
952 4504 1044 4574 qui
1080 4519 1144 4558 ex
1168 4506 1444 4559 communi
1479 4506 1734 4574 opinione
1765 4508 1903 4561 dixit

2006 4504 2204 4544 nomen
2233 4499 2317 4544 est
2345 4491 2543 4547 sideris
2568 4510 2582 4545 :
2613 4493 2816 4548 rectius
2848 4502 3026 4549 tamen
3057 4495 3358 4570 Procynem
3389 4507 3576 4574 appeloo

322 4598 394 4652 in
444 4602 597 4664 parte
642 4593 840 4651 Leonis
880 4603 1059 4649 ortum
1108 4594 1284 4650 facere
1330 4593 1532 4650 Sirium
1575 4617 1586 4651 :
1628 4616 1646 4648 ι
1687 4597 1903 4661 Melius,

323 4685 542 4755 inquit,
593 4682 817 4739 dixisset
860 4685 1062 4740 Canem
1100 4684 1371 4754 principio
1430 4683 1625 4739 Cancri
1675 4687 1808 4740 oriri
1850 4691 1907 4743 in

324 4777 560 4836 ﬁnitere
606 4776 919 4832 barbarico.
965 4775 1177 4831 Saeculo
1206 4775 1413 4829 Manilii
1439 4776 1719 4831 oriebatur
1747 4777 1802 4831 in
1832 4793 1907 4830 vn

321 4870 562 4927 Cancri.
599 4889 618 4921 ι
661 4866 728 4923 Ut
756 4868 984 4939 Augusti
1008 4869 1208 4922 saeculo
1234 4867 1428 4922 demus
1461 4867 1709 4922 floruisse
1735 4870 1908 4922 Mani-

322 4967 498 5026 lium,
543 4961 688 5032 quod
738 4966 890 5014 ratus
921 4967 1006 5014 est
1053 4957 1316 5026 Scaliger,
1353 4973 1530 5028 neque
1577 4958 1732 5011 initio
1769 4957 1910 5012 Can-

323 5057 448 5120 cri,
489 5068 666 5123 neque
708 5067 832 5106 cum
860 5050 983 5119 ejus
1020 5049 1189 5120 gradu
1231 5064 1302 5102 vu
1351 5056 1470 5102 orta
1503 5061 1588 5104 est
1626 5048 1905 5104 Canicula.

323 5145 556 5215 Quippe
588 5159 751 5199 verus
771 5143 918 5198 illius
947 5150 1102 5196 ortus
1148 5139 1493 5195 Alexandriae
1527 5141 1581 5194 in
1617 5141 1785 5211 gradu
1817 5141 1905 5206 12,

321 5239 422 5296 27'
457 5253 472 5302 ;
502 5235 746 5290 beliacus
774 5233 829 5287 in
871 5232 963 5300 26,
1007 5232 1071 5286 9'
1101 5230 1321 5286 accidit.
1368 5231 1452 5285 Ab
1483 5238 1607 5284 ortu
1636 5246 1768 5286 vero
1800 5247 1906 5286 non

321 5331 576 5393 multum
616 5327 869 5382 abhorret
931 5325 1190 5382 Plinius:
1235 5327 1328 5397 qui
1395 5327 1492 5380 lib.
1539 5322 1730 5388 XVIII,
1785 5338 1908 5392 cap.

325 5419 897 5487 IXIX,Caniculam
927 5418 1060 5472 oriri
1110 5419 1187 5472 ait
1239 5420 1296 5471 in
1343 5416 1578 5488 Egypto
1623 5431 1676 5470 IV
1727 5413 1911 5469 Nonas

321 5517 538 5575 Julias.
590 5507 650 5566 In
677 5511 825 5565 hunc
854 5511 1001 5564 enim
1043 5510 1185 5566 diem
1221 5510 1541 5565 undecimus
1571 5507 1684 5562 fere
1716 5506 1911 5560 Cancri

323 5603 551 5682 gradus
573 5602 823 5658 incurrit.
858 5599 1098 5656 Tametsi
1124 5601 1190 5656 de
1219 5599 1484 5672 Procyne,
1525 5614 1633 5653 non
1663 5598 1730 5652 de
1751 5597 1914 5651 Cani-

319 5700 494 5766 cula,
544 5694 757 5749 videtur
814 5692 918 5747 hoc
959 5691 1622 5763 posteriusintellexisse
1677 5688 1910 5744 Plinius.

318 5797 481 5850 Nam
511 5785 690 5856 capite
722 5782 1082 5849 antecedenti,
1120 5799 1171 5836 iv
1215 5781 1397 5839 Nonas
1422 5779 1659 5853 .Egypto
1702 5778 1912 5850 Proryc

2008 4579 2111 4633 lari
2141 4596 2325 4650 posse,
2365 4598 2527 4651 quam
2557 4582 2781 4638 Canem.
2830 4583 3000 4650 Quem
3033 4588 3219 4645 Galeni
3270 4593 3472 4662 locum,
3517 4610 3576 4654 ut

2008 4678 2062 4726 et
2088 4671 2194 4725 alia
2220 4670 2336 4726 fere
2362 4672 2546 4725 omnia
2577 4673 2644 4727 de
2673 4674 2952 4740 Canicula,
2982 4677 3036 4731 in
3066 4677 3394 4752 farraginem
3427 4687 3570 4743 Soli-

2007 4763 2228 4816 nianam
2268 4764 2464 4817 avertit
2513 4763 2817 4821 Salmasius
2863 4782 2928 4821 ex
2965 4767 3214 4827 Bisciolae
3257 4779 3431 4832 nostri
3479 4782 3573 4838 lib.

2010 4853 2102 4910 XII
2136 4855 2270 4908 tomi
2297 4854 2338 4909 II
2395 4855 2830 4922 subsecivarum,
2874 4874 2994 4930 cap.
3029 4861 3070 4916 Il
3103 4881 3118 4930 ;
3178 4881 3354 4937 neque
3383 4881 3573 4927 aucto-

2009 4961 2146 5009 rem,
2202 4962 2233 5000 a
2269 4962 2379 5016 quo
2411 4947 2517 5001 ista
2557 4947 2858 5014 didicerat,
2888 4952 2973 5005 vel
3007 4952 3193 5010 littera
3236 4961 3573 5028 nominavit;

2009 5036 2103 5105 qui
2134 5036 2254 5104 ejus
2281 5047 2365 5090 est
2411 5051 2546 5092 mos.
2604 5036 2795 5091 Utrum
2841 5047 3023 5094 autem
3053 5041 3353 5116 Procynem
3383 5067 3579 5124 ρεφε-

2013 5137 2104 5182 ιιιο
2143 5143 2242 5197 pro
2274 5127 2535 5182 Canicula
2583 5128 2796 5185 Plinius
2833 5135 3126 5202 acceperit,
3168 5139 3312 5207 quod
3353 5141 3576 5199 Exerci-

2012 5220 2178 5274 tatori
2204 5219 2440 5282 videtur,
2469 5219 2717 5277 dicemus
2753 5237 2875 5292 cap.
2907 5224 2928 5278 I
2963 5226 3085 5280 libri
3116 5231 3353 5298 septimi.

2082 5306 2154 5362 Ut
2205 5309 2262 5363 in
2292 5317 2417 5363 ortu
2448 5324 2549 5364 suo
2584 5310 2909 5367 immodicos
2941 5323 3110 5370 aestus
3143 5319 3381 5376 excitare
3415 5323 3577 5380 Cani-

2012 5401 2212 5464 culam,
2263 5401 2342 5456 sic
2371 5401 2712 5456 occidentem
2760 5386 2964 5474 frigora
3002 5415 3058 5460 et
3107 5407 3361 5470 inimicas
3399 5413 3574 5487 frugi..-

2013 5493 2118 5549 bus
2151 5493 2377 5562 pruinas
2411 5507 2756 5549 commovere
2783 5497 3082 5567 scriptores
3106 5511 3380 5558 asserunt.
3414 5506 3577 5564 Mani-

2014 5586 2120 5640 lius
2158 5585 2252 5640 lib.
2286 5583 2327 5651 Ι,
2362 5585 2594 5640 Plinius?
2630 5587 2724 5642 lib.
2761 5586 2946 5661 XVIII,
2993 5606 3114 5660 cap.
3161 5591 3365 5664 XXIX;
3415 5599 3577 5656 Col"-

2015 5679 2176 5736 mella
2212 5679 2308 5734 lib.
2347 5672 2438 5743 XI,
2470 5693 2592 5750 cap.
2629 5678 2693 5734 Il.
2732 5698 2750 5730 ι
2786 5679 2968 5736 Pridie
3001 5682 3228 5738 Kalend.
3270 5686 3441 5746 Maias
3474 5692 3576 5748 Ca-

2018 5776 2104 5828 nis
2165 5788 2225 5827 se
2271 5786 2498 5841 vespere
2556 5773 2732 5839 celat;
2776 5783 3154 5846 tempestatem
3206 5779 3496 5851 significat.
3556 5805 3576 5842 ι
