4022 6398
551 330 572 383 I
581 329 683 388 587

1521 328 1613 382 AD
1651 327 1916 382 EUSEBII
1955 325 2350 382 CIIRONICON
2397 326 2762 385 APPENDIX.

3650 330 3806 385 1.133

549 459 782 515 primum
811 443 1382 516 signiﬁcandi'munus
1403 488 1417 512 ,
1442 457 1580 516 post
1604 445 1869 501 ciliciendi
1897 460 2116 516 quoque
2144 450 2191 506 Α
2219 443 2430 498 heliaco
2464 444 2532 499 ad
2559 446 2860 500 cosmicum
2896 455 3076 500 ortum
3113 445 3404 502 transitum
3444 425 3596 502 fecit.
3626 448 3809 499 Anno

553 537 662 587 vim
719 549 1049 604 cassamque
1079 535 1355 605 popularis
1384 537 1460 590 illi
1484 551 1789 591 consensus
1838 536 2108 590 attribuit.

545 626 627 680 Ad
654 625 707 680 id
736 642 862 680 vero
884 627 1222 696 probandum
1251 644 1375 682 cum
1407 629 1511 681 alia
1545 628 1763 682 adhibet
1793 637 2110 698 argumenta

545 719 722 773 media
749 733 816 772 ex
844 717 1187 788 philosophia
1225 719 1566 790 deprompta,
1612 730 1726 774 tum
1773 720 1876 774 hoc
1915 735 2108 783 unum,

542 809 690 879 quod
735 815 791 863 et
848 823 1013 862 sensu
1066 809 1185 880 ipso
1208 809 1572 874 discernitur,
1608 819 1662 864 et
1700 809 1766 864 ad
1800 810 2108 864 institutum

542 911 790 953 nostrum
823 898 980 953 valde
1025 900 1282 969 pertinet.
1339 899 1472 955 Nam
1517 903 1562 956 si
1603 902 1803 956 orienti
1837 899 2108 955 Canicula:

542 989 939 1043 incrementum
990 989 1123 1044 illud
1177 989 1414 1053 ardoris,
1475 1000 1733 1060 tanquam
1785 989 2108 1054 causae,tri-

539 1081 813 1134 buendum
857 1080 1036 1146 foret;
1071 1089 1185 1135 tum
1238 1083 1289 1136 id
1333 1083 1470 1138 elIici
1527 1085 1763 1138 maxime
1805 1091 2103 1154 oporteret,

538 1173 758 1241 quando
788 1188 914 1227 cum
950 1175 1064 1230 sole
1091 1174 1382 1244 conjuncta
1409 1184 1590 1230 ortum
1621 1192 1744 1231 cum
1787 1177 1904 1246 ipso
1938 1175 2103 1242 facit;

538 1278 702 1332 quam
737 1263 1000 1332 ἀνατολὴν
1036 1265 1252 1333 proprie
1311 1266 1497 1319 vocari
1539 1281 1704 1335 supra
1741 1265 2000 1321 diximus.
2038 1267 2106 1320 At

538 1369 627 1408 res
680 1369 842 1408 secus
873 1370 932 1410 se
983 1356 1164 1410 habet.
1192 1355 1309 1410 Non
1336 1357 1480 1410 enim
1530 1357 1584 1410 in
1626 1365 1749 1412 ortu
1792 1358 1905 1421 illo,
1942 1374 2104 1428 quem

537 1459 640 1499 nos
695 1446 958 1515 κοσμικὸν
1016 1448 1288 1516 appellare
1315 1447 1594 1501 solemus:
1627 1448 1720 1502 sed
1761 1449 1817 1501 in
1868 1448 2101 1512 heliaco,

537 1538 652 1593 sive
706 1537 928 1608 ἐπιτολῇ
971 1539 1264 1594 vehemens
1285 1539 1433 1593 calor
1459 1538 1710 1603 edicitur;
1760 1554 1861 1593 nec
1911 1539 2100 1593 eodem

538 1628 738 1697 ubique
793 1637 1071 1699 tempore;
1128 1631 1221 1685 sed
1267 1631 1396 1686 alibi
1441 1631 1636 1695 citius,
1677 1631 1803 1684 alibi
1845 1631 2099 1686 tardius:

534 1736 722 1793 pro-eo
744 1737 808 1779 ac
826 1721 1118 1787 maturius,
1143 1731 1234 1776 aut
1269 1723 1444 1778 serius
1484 1725 1615 1778 solis
1640 1724 1905 1793 explicata
1933 1724 2102 1779 radiis

2219 534 2656 604 primoJuliano,
2689 545 2846 592 ortus
2875 539 3148 592 cosmicus
3180 536 3306 592 Sirii
3337 536 3522 591 Romae
3550 538 3808 606 contigit

2220 627 2276 680 in
2301 627 2472 697 gradu
2500 626 2700 682 Cancri
2743 628 2833 691 22,
2860 628 2944 683 48'
2974 647 2988 695 ;
3018 627 3148 683 Julii
3177 629 3398 684 circiter
3432 644 3553 692 xvr;
3611 627 3805 681 helia-

2217 736 2316 775 cus
2346 721 2400 774 in
2427 721 2598 790 gradu
2628 720 2827 776 Leonis
2858 723 2908 784 7,
2949 722 3030 776 45'
3055 740 3070 789 ;
3105 721 3334 792 Augusti
3378 721 3490 776 fere
3515 719 3807 776 secundo.

2215 815 2377 867 Anno
2423 814 2642 868 labente
2681 828 2896 868 locxxx
2929 813 3156 878 Christi,
3208 822 3361 868 ortus
3413 815 3701 867 cosmicus
3739 810 3810 864 in

2213 903 2443 973 gradum
2489 901 2688 958 Leonis
2726 902 2776 968 7,
2811 903 2916 970 16';
2957 901 3213 958 Heliacus
3257 905 3312 957 in
3345 901 3544 956 Leonis
3571 901 3672 967 20,
3711 901 3811 954 50'

2219 993 2472 1055 incurrit,
2514 991 2745 1061 Augusti
2781 992 3002 1047 circiter
3029 992 3115 1048 12.
3161 991 3347 1062 Itaque
3377 991 3808 1045 caniculariurn

2213 1082 2424 1138 dierum
2456 1084 2672 1137 initium
2704 1084 2773 1137 ab
2801 1093 2927 1138 ortu
2967 1083 3178 1138 heliaco
3206 1083 3431 1138 descivit
3471 1123 3486 1144 ,
3535 1098 3607 1136 ac
3642 1097 3770 1136 sem
3791 1110 3804 1120 -

2212 1191 2309 1245 per
2337 1177 2550 1246 longius
2572 1177 2768 1232 deinde
2795 1178 3027 1232 recedet.
3064 1176 3214 1230 Ilanc
3244 1178 3596 1246 μετάπτωσιν
3635 1175 3810 1230 orbis

2213 1267 2412 1322 Stellati
2461 1269 2640 1337 prisca
2672 1275 2802 1323 aitas
2829 1267 3112 1337 ignorabat
3145 1287 3156 1321 :
3188 1267 3418 1338 ideoque
3459 1267 3814 1337 designatos

2212 1361 2376 1415 semel
2420 1375 2450 1412 a
2483 1361 2784 1428 majoribus
2815 1362 2932 1416 suis
2968 1372 3123 1416 ortus
3144 1377 3493 1430 occasusque
3518 1369 3813 1414 constan—

2210 1460 2294 1506 ter
2321 1453 2614 1518 tenebant;
2646 1469 2710 1508 ac
2744 1465 2858 1507 tum
2905 1453 3145 1509 heliacos
3174 1469 3295 1507 cum
3327 1453 3610 1516 ,cosrnicis
3669 1467 3805 1522 pro-

2210 1545 2419 1599 miscue
2467 1545 2775 1611 habebant,
2820 1554 2936 1601 tum
2979 1547 3074 1617 qui
3123 1554 3400 1600 certorum
3439 1553 3610 1599 erant
3643 1544 3810 1598 Iom—

2209 1650 2329 1688 rum
2354 1635 2588 1704 proprii,
2622 1637 2771 1689 nullo
2802 1635 3116 1691 discrimine
3163 1637 3229 1691 ad
3286 1637 3420 1690 alios
3465 1649 3808 1689 accommo-

2209 1721 2432 1778 dabant.
2464 1724 2545 1778 Ad
2576 1725 2691 1778 haec
2716 1724 2827 1779 fere
2864 1727 3040 1796 capita
3064 1727 3300 1780 varietas
3329 1727 3514 1778 omnis
3567 1726 3678 1779 illa
3715 1742 3807 1780 re—

535 1815 798 1872 Canicula
830 1814 1132 1887 consurgit.
1165 1813 1236 1868 Ut
1289 1816 1345 1869 in
1390 1815 1580 1869 Rhodo
1634 1824 1755 1885 post
1787 1817 2024 1870 tricenos
2071 1831 2101 1868 a
2138 1808 2176 1861 Β
2206 1813 2347 1867 ferre
2381 1824 2580 1884 potest,
2621 1832 2742 1885 qua:
2770 1816 2911 1885 apud
2944 1821 3198 1886 antiquos
3244 1817 3547 1886 scriptores
3584 1815 3706 1870 hoc
3751 1819 3808 1870 in

535 1912 772 1967 solstitio
788 1912 904 1966 dies
925 1911 1136 1975 oritur;
1163 1907 1286 1963 aliis
1319 1909 1373 1962 in
1405 1908 1540 1962 locis
1565 1917 1686 1976 post
1715 1907 2096 1976 quadraginta.

535 2005 664 2059 alibi
703 2012 826 2075 post
879 2002 1293 2074 quinquaginta.
1353 2000 1426 2054 Ex
1469 2017 1578 2070 quo
1629 2007 2096 2070 parapegmatum,

535 2095 734 2174 inquit,
761 2095 976 2148 vacillat
1005 2093 1173 2148 ﬁdes:
1209 2107 1440 2162 quorum
1489 2100 1743 2146 auctores
1786 2092 1837 2144 in
1866 2105 2101 2160 pronun-

534 2172 738 2243 tiandis
782 2203 849 2241 ex
897 2193 1022 2240 ortu
1057 2185 1294 2241 siderum
1328 2192 1382 2239 et
1415 2198 1615 2239 occasu
1660 2183 2101 2253 tempestatibus,

534 2289 674 2346 quas
714 2276 1082 2347 ἐπισημασίας
1135 2281 1353 2336 vocant,
1406 2289 1516 2328 non
1568 2282 1686 2329 arte
1738 2290 1802 2328 ac
1844 2273 2100 2328 methodo

533 2374 705 2431 certa,
738 2367 832 2422 sed
864 2367 1246 2422 observatione
1269 2381 1333 2420 ac
1379 2364 1682 2436 longissimi
1713 2366 1972 2435 temporis
2004 2381 2101 2419 ex-

531 2457 796 2528 perientia
820 2459 1088 2514 nituntur.
1123 2457 1274 2513 Ilauc
1302 2456 1513 2512 Gemini
1562 2457 1829 2512 rationem
1863 2457 2097 2526 primum

533 2551 772 2605 nominis
805 2550 978 2621 ipsius
1006 2551 1212 2604 notatio
1244 2549 1547 2604 conﬁrmat.
1581 2549 1790 2619 Quippe
1813 2549 1919 2602 vim
1951 2549 2095 2602 illam

531 2650 918 2713 tempestatum
949 2642 1314 2714 impultriccm
1355 2649 1515 2712 atque
1549 2642 1697 2710 ipsos
1733 2639 2095 2694 mutationum

530 2732 755 2790 eﬁ‘ectus
774 2733 948 2789 Graeci
975 2734 1074 2798 τὰς
1125 2733 1513 2804 ἐπισημασίας,
1546 2731 1726 2786 Latini
1761 2752 1780 2784 ι
1821 2731 2098 2802 signiﬁca-

530 2823 711 2879 tiones
757 2843 778 2877 ι
823 2823 1130 2890 nominant;
1188 2832 1248 2877 ut
1285 2824 1388 2877 hoc
1431 2823 1764 2894 intelligatur
1811 2819 1865 2875 in
1924 2822 2096 2876 stellis

530 2915 744 2969 illarum
786 2914 988 2969 indicia
1011 2931 1125 2969 non
1172 2930 1370 2970 causas
1411 2916 1566 2970 initio
1588 2915 1918 2969 constitutas
1951 2928 2094 2968 esse.

528 3005 668 3060 Tum
691 3007 869 3062 octavi
889 3007 1060 3072 orbis,
1089 3015 1142 3061 et
1175 3007 1489 3062 haerentium
1530 3006 1584 3060 in
1612 3021 1676 3061 eo
1707 3005 1944 3061 siderum
1970 3019 2096 3075 pro-

527 3100 740 3170 gressio
791 3114 1009 3154 omnem
1065 3115 1128 3154 ex
1156 3099 1439 3152 doctorum
1465 3099 1662 3152 animis
1699 3096 2090 3150 dubitationem

527 3191 772 3245 sustulit.
801 3189 934 3243 Nam
987 3204 1108 3259 qua:
1145 3190 1326 3243 sidera
1355 3189 1519 3243 certis
1547 3197 1705 3242 antea
1747 3187 1872 3242 ρωιί
1903 3189 2094 3242 statio-

528 3280 692 3336 nibus
719 3295 782 3335 ac
806 3280 1142 3350 temporibus
1168 3278 1320 3334 aﬁixa
1343 3278 1725 3343 credebantur,
1746 3294 1808 3333 ea
1837 3279 2095 3348 paulatim

523 3371 706 3426 locum
758 3371 1020 3426 mutando
1048 3371 1206 3426 ﬁdem
1234 3369 1564 3434 fefellerunt,
1599 3386 1698 3424 nec
1728 3372 1782 3424 in
1814 3386 1908 3426 eas
1936 3370 2096 3424 hodie

526 3469 876 3532 tempestates
917 3461 1183 3526 incidunt,
1225 3462 1425 3531 quibus
1461 3462 1544 3516 vel
1587 3460 1980 3533 signiﬁcandis,
2012 3461 2096 3517 vel

524 3553 930 3609 commovendis
965 3555 1242 3608 attributa:
1264 3554 1610 3611 videbantur.

595 3644 1049 3702 Caniculamortu
1079 3647 1414 3701 suoazstivos
1442 3647 1654 3702 calores
1681 3645 1963 3701 intendere
1984 3660 2095 3699 non

525 3738 702 3793 solum
725 3738 935 3807 antiqui
969 3753 1289 3807 persuasum
1323 3738 1617 3800 habebant,
1652 3736 1747 3794 sed
1784 3739 2094 3792 mortalium

525 3830 686 3884 hodie
719 3830 963 3884 omnium
1013 3845 1138 3894 usu,
1161 3836 1235 3882 εει
1281 3830 1556 3883 communi
1595 3844 1845 3884 sermone
1873 3845 2096 3900 percre-

524 3922 662 3976 buit.
688 3921 825 3975 Cum
873 3927 1053 3974 autem
1098 3920 1297 3992 duplex
1327 3925 1399 3974 sit
1441 3930 1596 3976 ortus
1630 3919 1890 3986 siderum,
1925 3937 2094 3991 appa-

524 4029 675 4080 rens,
709 4013 827 4068 sive
878 4011 1165 4079 heliacus;
1203 4019 1256 4065 et
1278 4027 1461 4072 verus,
1493 4013 1586 4082 qui
1628 4020 1682 4066 et
1712 4011 1986 4066 cosmicus
2011 4011 2096 4065 di-

522 4105 668 4160 citur
698 4123 711 4158 :
749 4111 899 4158 tanta
949 4103 1042 4156 illa
1096 4105 1180 4158 vis
1203 4110 1371 4159 aestus
1413 4105 1666 4174 augendi,
1692 4120 1754 4158 ac
1774 4114 2092 4158 cancrorum

521 4194 952 4258 eiIiciendorum,
983 4193 1215 4259 heliaco,
1237 4209 1347 4248 non
1375 4195 1617 4249 cosmico
1643 4195 1918 4266 quondam
1946 4194 2093 4248 ortui

522 4287 777 4358 imputari
821 4287 1050 4350 solebat,
1101 4294 1159 4340 ut
1180 4302 1245 4340 ex
1285 4285 1513 4342 Gemino
1541 4287 1703 4356 paulo
1743 4294 1866 4341 ante
1891 4285 2095 4341 refere-

519 4380 717 4435 bamus
746 4396 758 4431 :
790 4380 933 4449 quod
963 4389 1016 4434 et
1041 4381 1338 4448 scriptores
1369 4379 1460 4432 alii
1490 4394 1592 4432 nos
1624 4378 1855 4444 docent;
1891 4378 1982 4447 qui
2024 4392 2092 4430 ex

2208 1908 2426 1976 negotio
2461 1908 2694 1978 insignis
2719 1910 2979 1963 occurrit.

2274 1999 2463 2053 Ortum
2499 2000 2622 2054 Sirii
2644 2002 2890 2070 plerique
2923 2001 2976 2054 in
3004 1999 3057 2054 id
3090 2007 3422 2054 momentum
3462 1999 3804 2062 conferunt,

2201 2105 2310 2160 quo
2349 2090 2430 2145 sol
2466 2089 2700 2145 Leonem
2748 2092 3072 2161 ingreditur.
3115 2090 3382 2156 Quoniam
3417 2105 3557 2144 vero
3602 2091 3804 2145 solsti-

2201 2182 2274 2234 tia
2290 2189 2342 2236 et
2361 2182 2684 2251 aequinoctia
2713 2183 2766 2236 in
2788 2185 2995 2238 octavis
3015 2185 3276 2236 committi
3293 2183 3592 2252 signorum
3622 2183 3803 2252 parti-

2200 2273 2303 2328 bus
2355 2275 2595 2344 vulgaris
2625 2283 2743 2329 erat
2784 2276 2990 2346 opinio,
3031 2275 3160 2330 hinc
3194 2274 3413 2329 totidem
3453 2284 3595 2328 ante
3628 2291 3798 2330 verus

2201 2365 2484 2434 ingressus
2524 2365 2719 2421 diebus
2768 2368 2921 2421 initia
2989 2367 3564 2421 dodecatemoriorum
3635 2377 3801 2421 ante-

2199 2465 2499 2512 verteruut.
2534 2456 2842 2512 Solstitium
2875 2457 3005 2511 Julii
3038 2457 3272 2513 Caesaris
3299 2456 3451 2511 Junii
3484 2465 3706 2528 quarto
3741 2469 3798 2512 et

2199 2548 2462 2603 vicesimo
2482 2548 2570 2604 die
2596 2548 2832 2603 deﬁxum
2866 2559 3001 2604 erat.
3025 2548 3194 2619 Igitur
3217 2566 3286 2604 xv
3315 2548 3603 2603 Kalendas
3637 2548 3798 2610 Julii.

2199 2644 2312 2696 sive
2339 2641 2487 2696 Junii
2531 2657 2665 2707 xvtt,
2698 2643 2752 2696 in
2781 2642 3051 2697 Cancrum
3087 2643 3168 2698 sol
3212 2642 3420 2712 ingredi
3458 2644 3796 2711 putabatur.

2201 2734 2254 2788 lu
2282 2733 2518 2790 Leonem
2555 2751 2684 2790 vero
2713 2743 2836 2806 post
2866 2751 3030 2789 unum
3063 2744 3118 2790 et
3148 2736 3370 2804 triginta
3395 2733 3541 2797 dies,
3576 2751 3654 2788 xv
3689 2734 3800 2788 Ka-

2199 2826 2389 2880 lendas
2446 2825 2698 2896 Augusti.
2766 2825 2977 2880 Plinius
3025 2826 3166 2879 libro
3208 2825 3272 2890 ll,
3328 2826 3513 2894 capite
3572 2825 3795 2884 XLVII.

2204 2933 2222 2965 ‹
2255 2913 2658 2968 Ardentissimo
2699 2915 2906 2970 mstatis
2947 2925 3189 2984 tempore
3212 2916 3462 2971 exoritur
3499 2915 3799 2972 Canicula

2200 3007 2376 3071 sidus,
2405 3006 2521 3061 sole
2548 3007 2778 3076 primam
2810 3015 3016 3077 partem
3043 3007 3240 3063 Leonis
3269 3009 3626 3078 ingrediente
3653 3029 3670 3064 :
3702 3011 3797 3078 qui

2199 3097 2318 3149 dies
2375 3112 2442 3150 xv
2473 3104 2597 3150 ante
2635 3097 2866 3165 Augusti
2928 3095 3218 3152 Kalendas.
3255 3113 3276 3150 ι
3330 3095 3502 3150 Libro
3560 3114 3797 3168 quoque

2201 3185 2339 3238 XVII
2360 3226 2376 3248 ,
2423 3187 2600 3256 capite
2630 3185 2863 3247 XXVIII,
2892 3195 3018 3255 post
3044 3187 3333 3241 solstitiutn
3365 3188 3503 3241 oriri
3530 3189 3796 3245 Canicu-

2197 3276 2304 3329 lam
2339 3277 2414 3330 ait
2457 3277 2544 3331 die
2577 3293 2733 3332 xxttt.
2789 3276 2846 3331 Si
2888 3294 2984 3332 vni
3029 3277 3299 3333 Kalendas
3329 3275 3460 3331 Julii
3496 3281 3561 3332 ﬁt
3602 3283 3796 3335 solsti-

2196 3369 2356 3438 tium,
2394 3369 2672 3442 ingressus
2696 3372 2750 3425 in
2795 3371 3066 3426 Cancrum
3098 3388 3184 3426 xvr
3229 3372 3501 3427 Kalendas
3553 3375 3794 3437 accidit,

2196 3463 2289 3532 qui
2321 3469 2406 3517 est
2426 3461 2552 3516 Julii
2580 3479 2689 3516 xvii
2720 3461 2857 3518 dies.
2891 3461 3065 3517 Varro
3089 3463 3228 3517 libro
3251 3462 3292 3528 I,
3326 3466 3507 3534 capite
3529 3462 3792 3525 XXVIII,

2199 3571 2229 3606 a
2266 3552 2503 3607 solstitio
2519 3553 2586 3607 ad
2607 3561 2855 3607 exortum
2878 3552 3150 3607 Caniculae
3175 3554 3292 3608 dies
3320 3564 3590 3608 numerat
3624 3572 3793 3610 xxix:

2195 3642 2496 3697 Columella
2549 3644 2688 3697 libro
2717 3642 2808 3708 IX,
2839 3645 3017 3712 capite
3047 3643 3186 3709 XIV,
3213 3645 3328 3700 dies
3361 3660 3504 3710 xxx;
3569 3648 3703 3713 alii,
3739 3659 3793 3702 ut

2196 3734 2470 3792 Palladius
2503 3739 2641 3792 libro
2669 3736 2776 3804 Vll,
2804 3738 2887 3791 tit.
2917 3737 3008 3804 IX,
3030 3740 3344 3793 Caniculam
3372 3753 3470 3793 xiv
3495 3737 3795 3797 Kalendas

2196 3829 2424 3898 Augusti
2448 3830 2582 3884 oriri
2606 3830 2863 3884 tradunt:
2889 3832 2981 3900 qui
3006 3839 3089 3885 est
3114 3846 3208 3884 xtx
3238 3827 3367 3884 Julii
3395 3829 3520 3886 dies
3563 3850 3580 3885 :
3626 3849 3794 3903 quem

2194 3927 2248 3975 et
2273 3917 2595 3977 Ptolemzeus
2623 3919 2808 3976 Graece
2833 3936 2864 3974 a
2896 3922 3055 3976 nobis
3086 3921 3266 3976 editus
3309 3921 3454 3976 inter
3491 3923 3658 3980 alios
3683 3941 3795 3979 me-

2197 4020 2394 4065 morat.
2419 4011 2553 4065 Nam
2590 4020 2644 4067 et
2676 4011 2869 4082 Epiphi
2905 4028 3018 4076 ιιι,
3063 4013 3115 4066 id
3145 4020 3228 4066 est
3261 4010 3389 4066 Julii
3417 4028 3512 4076 xv,
3550 4021 3618 4067 et
3669 4014 3787 4084 Ep;-

2197 4099 2288 4170 phi
2339 4117 2462 4165 xxv,
2502 4102 2594 4172 qui
2617 4110 2701 4157 est
2727 4101 2857 4155 Julii
2890 4117 3004 4166 xtx,
3033 4111 3087 4157 et
3112 4101 3300 4172 Epiphi
3328 4118 3504 4167 xxvu,
3531 4101 3685 4159 Julii
3709 4121 3793 4159 xx!

2195 4192 2349 4260 ponit
2384 4203 2564 4246 ortum
2589 4193 2865 4246 Caniculae
2891 4213 2903 4246 :
2932 4208 3042 4263 quo
3074 4194 3161 4247 die
3183 4194 3526 4249 Censorinus
3563 4213 3797 4268 quoque

2195 4281 2252 4334 in
2281 4281 2519 4354 Egypto
2559 4283 2691 4337 oriri
2722 4284 2910 4338 scribit
2933 4299 3056 4354 cap.
3091 4283 3230 4337 XXI.

2263 4375 2341 4428 Ac
2394 4375 2570 4444 major
2595 4390 2742 4446 pars,
2790 4384 2849 4429 ut
2897 4375 3036 4440 dixi,
3069 4374 3347 4438 Veterum,
3387 4376 3487 4446 qui
3523 4392 3672 4446 post
3704 4397 3798 4434 an-

521 4471 750 4526 oricntis
797 4471 1074 4526 Caniculae
1116 4478 1406 4541 prospectu
1479 4469 1785 4524 futurorum
1831 4469 2090 4540 prmsagia
2124 4477 2167 4533 ι)
2195 4465 2611 4522 numJulianum
2629 4472 2908 4524 conditum
2931 4470 3481 4539 scripserunt,ortum
3498 4468 3800 4528 Canicula:

521 4565 627 4632 peti
664 4563 823 4618 solita
843 4563 1240 4618 demonstrant.
1274 4560 1365 4616 Sic
1390 4559 1656 4616 Homerus
1686 4557 1850 4616 Iliad.
1883 4575 1936 4626 κ,
1967 4559 2093 4614 Sirii

521 4654 842 4709 describens
870 4664 1050 4709 ortum
1083 4671 1098 4708 :

522 4790 631 4854 ’ος
644 4791 724 4855 pd
752 4789 800 4842 τ’
828 4788 1059 4854 ὀπώρης
1086 4784 1244 4841 εἶσιν
1262 4804 1275 4817 ·
1302 4785 1566 4855 ἀρίζηλοι
1598 4784 1666 4839 δὲ
1692 4789 1746 4842 οὶ
1769 4788 1944 4856 αὐγαὶ

521 4861 834 4912 Φιιίνονται
857 4857 1138 4912 πολλοῖσι
1157 4858 1283 4925 μετ’
1298 4857 1557 4924 ᾶστρασι
1584 4856 1803 4921 νυκτὸς
1826 4856 2087 4926 ἀμολγῷ·

523 4933 635 4982 "nr
655 4947 715 4981 τε
737 4930 866 4981 κύν’
915 4929 1196 4997 Ὠρίωνος
1217 4928 1540 4995 ἐπίκλησιν
1568 4927 1895 4997 καλέουσιν
1919 4945 1932 4958 ο

519 5001 941 5068 [λαμπρότατος
972 4995 1102 5066 ’μὲν
1139 4995 1223 5049 ὅδ’
1270 4997 1421 5062 ἐστὶ,
1482 4997 1669 5050 κακὸν
1731 4996 1798 5048 δέ
1832 5014 1896 5050 τε
1927 4995 2093 5064 σῆμα

1311 5071 1318 5078 ’
1777 5066 2089 5138 [τέτυκται.

1801 5083 2089 5122 τετυκται.

596 5202 876 5258 IIeliacum
917 5210 1098 5256 ortum
1131 5199 1406 5270 intelligit,
1451 5215 1544 5269 qut
1583 5207 1771 5254 testate
1805 5199 2091 5256 desinente

521 5292 598 5354 ﬁt,
630 5307 791 5362 quam
821 5290 1042 5364 ὀπώραν
1072 5299 1254 5354 vocat,
1285 5301 1526 5346 extrema
1577 5299 1768 5356 nocte,
1827 5301 1887 5346 ut
1942 5301 2090 5346 recte

521 5379 843 5439 Eustathius.
874 5384 1117 5453 exponit.
1180 5383 1502 5452 Quanquam
1555 5381 1705 5437 Theo
1756 5381 1823 5435 ad
1863 5383 2088 5437 Aratum

520 5474 768 5543 ingentes
804 5473 928 5528 illos
972 5483 1139 5528 astus
1189 5474 1334 5527 ortui
1372 5472 1614 5527 cosmico
1660 5471 1876 5527 videtur
1915 5475 2088 5529 ascri-

520 5566 666 5618 hvre.
717 5565 882 5635 Atqui
943 5566 1185 5636 longiore
1243 5565 1500 5634 deinceps
1544 5578 1812 5618 annorum
1872 5567 2088 5620 evoluto

521 5661 718 5726 spatio,
757 5667 1042 5728 postquam
1077 5659 1230 5714 sidus
1273 5657 1401 5710 illud
1439 5659 1517 5718 εἰς
1563 5657 1632 5710 τὰ
1681 5657 1919 5726 ἑπόμενα
1961 5674 2087 5728 pro-

517 5749 855 5809 gressionem
889 5750 1101 5813 habuit,
1133 5747 1992 5829 ﬁnimus-iaoniiiis_tnanifeste
2018 5750 2085 5830 ab

2197 4557 2374 4625 primo
2390 4558 2444 4612 in
2458 4558 2692 4615 Leonem
2715 4562 2985 4632 ingressui
3002 4561 3136 4616 solis
3156 4560 3462 4630 assignant;
3487 4572 3556 4614 ut
3589 4563 3796 4627 Varro,

2198 4655 2254 4700 ut
2274 4646 2594 4715 Columella,
2615 4659 2671 4703 ut
2697 4647 2995 4713 Palladius,
3014 4657 3071 4703 ut
3090 4647 3360 4708 Manilius,
3379 4656 3440 4700 ut
3475 4647 3795 4715 Firmicus,

2195 4752 2259 4792 ac
2293 4739 2476 4794 caeteri
2519 4759 2534 4796 :
2581 4743 2674 4811 qui
2722 4742 2880 4811 quasi
2925 4757 3021 4810 per
3057 4755 3254 4794 manus
3300 4741 3582 4796 traditam
3657 4747 3798 4800 hanc

2194 4830 2507 4899 opinionem
2535 4834 2772 4902 posteris
2804 4833 3167 4888 tradiderunt.
3196 4830 3255 4885 In
3284 4847 3392 4902 quo
3440 4840 3798 4892 recentiores

2193 4925 2395 4995 quique
2436 4927 2729 4996 plurimum
2765 4927 2886 4985 falsi
2913 4937 3061 4984 sunt.
3115 4926 3248 4981 Nam
3281 4942 3460 4996 neque
3498 4925 3656 4985 Julii
3703 4947 3797 4985 sa:-

2193 5015 2341 5081 culo,
2397 5031 2572 5088 neque
2613 5018 2999 5084 Constantini;
3037 5035 3145 5088 quo
3179 5016 3476 5080 Firmicus,
3513 5033 3594 5074 ac
3638 5023 3800 5094 paulo

2191 5117 2333 5177 post,
2371 5118 2430 5163 ut
2471 5111 2834 5180 quorumdam
2879 5121 2961 5166 est
2989 5111 3194 5180 opinio,
3230 5109 3490 5164 Manilius
3547 5112 3795 5172 ﬂoruit;

2191 5205 2345 5254 ortus
2374 5199 2618 5254 heliacus
2652 5199 2802 5264 Sirii,
2831 5203 2899 5256 de
2925 5216 3034 5270 quo
3063 5201 3151 5254 isti
3201 5201 3533 5267 loquuntur,
3583 5203 3648 5255 in
3695 5203 3800 5271 prio

2193 5307 2334 5344 mam
2381 5300 2590 5362 partem
2621 5293 2841 5350 ~Leonis
2895 5291 3078 5348 Romae
3109 5293 3319 5347 incidit.
3368 5289 3610 5347 Etenim
3657 5310 3798 5347 anno

2191 5383 2368 5451 primo
2398 5382 2615 5438 Juliauo
2669 5386 2906 5445 cosmice
2958 5385 3237 5439 oriebatur
3275 5382 3557 5437 Canicula
3609 5385 3799 5439 Romae

2191 5489 2314 5526 cum
2352 5473 2524 5544 gradu
2559 5474 2756 5529 Cancri
2785 5475 2876 5540 22,
2905 5475 3027 5541 ιδ’,
3059 5477 3264 5530 heliace
3287 5489 3413 5528 cum
3447 5477 3647 5544 gradu
3675 5477 3799 5530 Leo-

2191 5564 2277 5618 nis
2303 5563 2355 5626 7,
2389 5565 2503 5618 ιδ’.
2531 5566 2601 5617 At
2652 5565 2706 5618 iu
2738 5564 2932 5620 Rhodo
2977 5566 3164 5620 eodem
3191 5564 3396 5620 sarculo
3426 5573 3606 5621 ortus
3650 5569 3798 5635 ejus-

2189 5657 2311 5709 dem
2354 5656 2630 5710 cosmicus
2671 5656 2725 5709 in
2773 5655 2971 5710 Cancri
3017 5658 3243 5726 gradum
3299 5655 3386 5718 I6,
3420 5656 3520 5710 48’
3553 5675 3571 5721 ;
3612 5657 3797 5712 Helia-

2162 5764 2292 5837 ‘cus‘
2329 5749 2383 5834 in
2415 5747 2613 5805 Leonis
2646 5749 2950 5832 t_cadehat.
2984 5749 3142 5816 Quod
3170 5749 3279 5804 illic
3311 5757 3476 5804 aetate
3498 5764 3621 5804 sua
3663 5765 3796 5804 cou-
