4022 6398
295 381 433 439 Ιζ89

1116 376 1570 433 DISSER‘I‘ATIO
1613 375 1697 430 DE
1737 373 1922 429 ORTU
1965 372 2049 426 ΕΤ
2089 372 2357 428 OCCASU
2400 373 2721 431 SIDERUM.

3395 383 3527 436 1590

295 494 485 564 tigisse
511 501 746 549 testatur
773 492 1055 558 Geminus,
1086 502 1142 548 et
1165 501 1290 547 ante
1323 492 1468 546 hunc
1492 491 1858 562 Hipparchus.
1890 501 1935 555 Α
1965 505 2086 544 nem
2110 491 2243 544 oriri
2272 491 2503 547 dixerat.
2545 491 2687 547 Sane
2734 493 2912 563 primo
2945 509 3090 549 anno
3118 493 3340 551 Juliauo
3371 515 3529 552 verus

297 581 374 637 Ex
405 599 514 654 quo
551 585 618 639 de
648 585 863 640 Gemini
909 591 1068 638 aetate
1100 583 1419 653 conjectura
1449 593 1641 638 nostra
1682 581 1864 635 firma-

297 683 404 730 tur.
435 675 544 731 Nos
576 678 719 732 enim
748 677 844 731 lib.
880 674 925 728 II
960 675 1038 730 De
1060 675 1200 730 doct.
1242 686 1421 744 temp.,
1453 691 1576 744 cap.
1597 675 1685 740 Vl,
1711 685 1864 729 sexto

301 763 468 821 Urbis
504 768 706 822 saaculo
747 767 926 838 ipsum
984 767 1236 822 floruisse
1267 766 1762 822 demonstravimus
1798 783 1862 820 ex

295 871 383 922 eo,
411 860 558 928 quod
583 869 706 913 ante
735 875 910 914 annos
949 858 1112 924 CXX,
1159 874 1320 930 quam
1356 859 1642 923 scriberet,
1679 858 1783 913 Isia
1807 860 1864 913 in

298 943 507 1000 Eudoxi
539 948 746 1018 τροπὰς
774 948 1035 1004 incidisse
1071 949 1290 1018 prodit:
1333 950 1399 1004 de
1430 965 1539 1020 quo
1568 963 1764 1003 rursus
1809 950 1864 1003 in

296 1035 452 1090 Notis
498 1036 566 1090 ad
615 1036 825 1093 Gemini
863 1055 986 1109 pag.
1031 1039 1098 1093 I9
1129 1040 1436 1094 accuratius
1463 1047 1775 1094 estactum.

365 1126 549 1182 Redeo
580 1129 646 1182 ad
713 1139 890 1184 ortum
928 1130 1221 1185 Caniculae.
1280 1132 1450 1197 Quem
1481 1146 1604 1185 cum
1650 1130 1864 1186 Gemini

294 1220 601 1275 rationibus
621 1221 952 1276 adamussim
971 1222 1400 1278 consentientem
1423 1223 1642 1278 exhibet
1663 1223 1867 1278 metho-

297 1307 400 1364 dus
423 1318 630 1366 nostra.
664 1310 875 1366 Plinius
908 1322 1111 1376 autem,
1144 1319 1197 1367 et
1234 1315 1438 1376 caeteri,
1469 1315 1562 1384 qui
1597 1315 1741 1368 circa
1770 1313 1866 1368 Ju-

298 1400 353 1454 lii
387 1417 540 1468 xvm,
575 1405 656 1457 vel
689 1421 800 1466 XII,
831 1406 885 1458 in
930 1404 1102 1474 prima
1137 1415 1289 1474 parte
1321 1405 1518 1461 Leonis
1568 1407 1700 1460 oriri
1729 1409 1866 1461 scri-

299 1504 562 1564 pserunt,
609 1496 744 1551 falsa
793 1497 882 1549 illa
930 1497 1284 1566 persuasione
1329 1499 1460 1552 moti
1497 1507 1647 1563 sunt,
1702 1515 1864 1570 quam

298 1602 466 1658 supra
523 1598 719 1658 quarto
765 1591 963 1658 capite,
1017 1606 1083 1644 ex
1129 1601 1457 1660 prmpostera
1515 1594 1866 1663 antiquorum

298 1679 601 1734 imitatione
625 1695 909 1751 perperam
940 1681 1047 1736 illis
1072 1681 1386 1752 Obrepsisse
1414 1687 1863 1739 monstravimus.

298 1769 400 1824 Hic
437 1771 648 1841 primus
697 1788 887 1826 eorum
941 1773 1043 1828 fuit
1087 1789 1264 1828 error.
1313 1773 1414 1829 Cui
1447 1776 1584 1830 alter
1612 1778 1864 1846 accessit,

300 1864 443 1933 quod
482 1879 606 1917 cum
640 1880 824 1924 verus,
848 1873 901 1919 et
927 1866 1202 1920 cosmicus
1231 1875 1386 1919 ortus
1412 1865 1688 1922 Caniculae
1720 1869 1868 1923 circa

301 1954 355 2007 id
417 1961 669 2022 tempus,
710 1954 858 2024 quod
897 1955 966 2010 ab
1010 1955 1120 2010 illis
1173 1968 1497 2026 conceptum
1526 1966 1631 2022 est,
1685 1957 1870 2015 Roma:

299 2047 671 2117 contingeret,
717 2047 970 2105 Ileliacus
1014 2057 1193 2103 autem
1232 2066 1341 2105 non
1380 2051 1434 2104 in
1470 2050 1644 2116 Italia,
1683 2053 1778 2107 sed
1814 2054 1868 2107 in

297 2135 532 2208 JEgyplo
568 2138 674 2193 sub
715 2138 856 2194 idem
907 2148 1119 2208 tempus
1181 2140 1491 2204 accideret,
1522 2142 1613 2196 isti
1637 2158 1756 2212 quae
1801 2144 1870 2198 ab

300 2228 700 2295 Alexandrinis,
724 2239 778 2286 et
813 2231 1073 2302 (Egyptiis
1100 2232 1165 2288 ad
1193 2248 1353 2287 suum
1383 2242 1616 2289 tractum
1649 2250 1868 2289 accom-

298 2321 536 2384 modata,
570 2322 897 2392 scriptisque
921 2323 1132 2393 prodita
1160 2333 1335 2388 erant,
1386 2326 1450 2379 ad
1498 2324 1744 2380 Italicum
1777 2342 1872 2396 ap—

298 2411 593 2481 plicarunt.
617 2412 784 2468 Ortus
807 2415 1081 2470 cosmicus
1109 2414 1237 2469 Sirii
1268 2429 1412 2468 anno
1445 2415 1624 2484 primo
1649 2414 1870 2470 Juliano

298 2504 640 2576 Alexandriae
693 2506 856 2562 liebat
913 2507 969 2562 in
1015 2507 1185 2577 gradu
1215 2506 1412 2562 Cancri
1451 2507 1540 2572 12,
1570 2508 1675 2572 27',
1722 2509 1870 2562 circa

299 2610 377 2651 vn
419 2594 548 2651 Julii
581 2617 595 2653 :
628 2597 875 2653 heliacus
922 2599 978 2652 in
1021 2600 1195 2670 gradu
1239 2599 1330 2662 26,
1385 2599 1453 2662 9',
1488 2600 1592 2653 hoc
1624 2608 1710 2654 est
1740 2598 1869 2654 Julii

300 2687 416 2743 fere
443 2705 536 2744 xx.
568 2690 936 2757 Quamobrem
967 2693 1114 2762 quod
1147 2693 1226 2746 illi
1260 2692 1327 2746 de
1359 2699 1514 2746 ortus
1540 2693 1869 2748 canicularis

299 2783 545 2848 tempore
588 2781 856 2846 scribunt,
891 2781 936 2836 si
979 2781 1046 2836 de
1090 2779 1278 2835 Italico
1323 2781 1446 2835 cmli
1478 2782 1659 2851 positu
1689 2797 1870 2836 sermo

297 2875 405 2932 est,
460 2870 528 2925 ad
581 2873 878 2926 cosmicum
935 2871 1172 2927 refertur
1206 2891 1220 2927 :
1257 2875 1344 2928 sin
1378 2873 1685 2945 Egyptiaci
1728 2877 1871 2930 ratio

299 2957 540 3027 ducitur,
575 2959 821 3015 heliacus
847 2961 1127 3017 habendus
1159 2969 1262 3018 est.
1292 2959 1614 3030 Columella,
1645 2965 1739 3035 qui
1778 2967 1873 3020 tri-

299 3049 507 3104 cesimo
531 3051 598 3105 ab
626 3051 882 3114 solstitio,
944 3060 998 3106 et
1034 3053 1103 3108 ab
1131 3060 1325 3108 octava
1353 3063 1507 3123 parte
1551 3054 1747 3110 Cancri
1783 3057 1870 3114 die

301 3138 574 3196 Caniculae
599 3143 753 3212 ponit
798 3151 1043 3197 exortum
1065 3183 1080 3208 ,
1138 3145 1454 3215 imprudens
1507 3147 1562 3201 in
1587 3149 1867 3203 veritatem
1897 3182 1940 3240 ο

302 3228 558 3299 delapsus
579 3238 683 3286 est.
730 3229 820 3285 Sic
847 3232 992 3286 enim
1027 3241 1237 3303 partem
1267 3235 1322 3289 in
1350 3235 1549 3292 Leonis
1587 3239 1870 3306 septimam

302 3318 421 3374 fere
463 3322 679 3376 redacta
711 3322 852 3377 ratio
884 3332 988 3380 est.
1037 3323 1146 3378 Sed
1177 3325 1235 3379 in
1275 3335 1518 3397 tempore
1566 3327 1876 3384 definiendo

301 3411 545 3482 vulgaris
577 3413 731 3466 illum
763 3429 921 3468 error
949 3415 1230 3484 abripuit;
1268 3431 1393 3470 nam
1433 3418 1561 3488 quia
1602 3420 1735 3474 solis
1791 3421 1876 3474 in-

303 3503 530 3556 troitum
576 3503 633 3557 in
682 3503 954 3559 Cancrum
1004 3505 1154 3560 Junii
1199 3522 1310 3562 xvu
1362 3509 1581 3564 circiter
1608 3511 1874 3582 illigavit,

303 3593 506 3650 Leonis
530 3595 737 3650 aditum
765 3595 894 3652 Julii
925 3615 1054 3652 xvm
1079 3607 1507 3656 consentaneum
1538 3609 1622 3658 est
1650 3604 1874 3668 ascribi,

305 3695 489 3740 ortum
525 3702 655 3742 vero
683 3686 957 3743 Canicula:
986 3687 1115 3743 Julii
1163 3705 1296 3744 xxm
1330 3692 1416 3746 vel
1446 3707 1594 3757 xxiv,
1627 3693 1680 3747 in
1725 3705 1878 3763 parte

306 3777 509 3834 Leonis
542 3779 760 3835 circiter
803 3781 1057 3850 septima.
1103 3779 1162 3835 In
1187 3796 1298 3852 quo
1325 3789 1507 3837 tamen
1556 3783 1693 3854 fugit
1723 3786 1874 3839 illum

307 3870 474 3924 ratio.
519 3870 726 3941 Quippe
748 3871 1004 3927 Kalendis
1055 3871 1335 3944 Augustis,
1393 3873 1476 3927 vel
1511 3875 1674 3943 paulo
1731 3884 1876 3944 post,

307 3958 556 4016 heliacus
586 3961 859 4018 Canicula:
901 3963 1055 4018 ortus
1089 3979 1185 4033 per
1237 3964 1290 4018 id
1344 3973 1555 4034 tempus
1605 3966 1876 4036 congruit.

305 4049 433 4106 Non
486 4052 684 4108 minori
725 4053 1147 4108 hallucinatione
1176 4054 1388 4109 Plinius
1430 4056 1688 4110 vicesimo
1718 4057 1880 4111 tertio

307 4150 440 4215 post
470 4143 766 4198 solstitium
799 4144 886 4198 die
913 4144 1043 4198 oriri
1069 4144 1386 4200 Caniculam
1415 4147 1620 4202 heliace
1646 4150 1873 4216 putavit,

305 4249 440 4290 cum
471 4249 661 4289 revera
689 4235 912 4290 totidem
939 4244 1063 4306 post
1092 4237 1387 4292 solstitium
1415 4237 1607 4294 diebus
1639 4239 1880 4295 cosmice

305 4332 472 4380 aetate
495 4323 623 4380 Julii
655 4325 888 4382 Cresaris
917 4327 1174 4381 oriretur.

387 4416 630 4487 Scaliger
655 4415 810 4473 Notis
847 4418 915 4472 ad
947 4417 1151 4472 Manilii
1194 4419 1290 4474 lib.
1327 4417 1371 4472 V
1404 4421 1548 4489 (pag.
1572 4421 1722 4488 405),
1750 4436 1879 4490 ροθρ

1964 589 2138 647 ortus,
2177 583 2291 637 sive
2338 584 2614 638 cosmicus
2657 583 2920 655 Procynis
2965 585 3150 643 Romae
3193 605 3316 644 cum
3359 593 3528 660 gradu

1965 669 2050 731 Il,
2083 670 2141 723 0'
2174 670 2369 726 Cancri
2405 674 2566 727 fiebat
2603 691 2616 725 :
2659 674 2902 730 heliacus
2935 692 3058 730 cum
3089 665 3331 748 ejusdem
3362 684 3528 751 gradu

1962 759 2055 820 9.7,
2099 761 2215 816 δι’.
2245 762 2315 815 At
2346 763 2400 816 in
2439 762 2674 834 [Egypto
2706 768 2980 821 cosmicus
3026 772 3251 840 contigit
3281 774 3334 826 in
3362 777 3526 843 gradu

1965 849 2163 906 Cancri
2197 851 2253 914 6,
2288 853 2411 920 I'i";
2460 854 2704 911 heliacus
2737 857 2792 910 in
2821 849 3018 921 21,52
3070 859 3322 918 Manilius
3352 875 3530 920 autent

1964 941 2060 995 lib.
2087 938 2153 1008 V,
2188 949 2242 997 et
2271 942 2566 1008 Firmicus,
2621 955 2679 1000 ut
2725 958 2872 1003 recte
2905 948 3148 1021 Scaliger
3201 956 3532 1020 emendavit,

1966 1031 2265 1104 Procynem
2332 1036 2388 1090 in
2441 1038 2638 1093 Cancri
2698 1048 2851 1110 parte
2902 1059 3050 1097 xxvu
3101 1045 3234 1099 oriri
3288 1049 3530 1104 volunt:

1941 1123 2109 1194 'quod
2152 1133 2205 1179 et
2252 1125 2378 1181 Julii
2419 1131 2641 1193 sazculo,
2693 1148 2801 1185 non
2828 1131 3049 1188 Firmiei
3102 1147 3534 1195 consentaneum

1965 1228 2071 1271 est.

2036 1306 2153 1363 Duo
2199 1318 2328 1364 sunt
2375 1311 2432 1364 in
2483 1313 2624 1366 cmlo
2665 1313 2866 1378 sidera,
2909 1317 3107 1387 quibus
3140 1318 3306 1374 Canis
3339 1337 3534 1376 nomen

1966 1401 2225 1469 competit
2260 1421 2272 1455 :
2306 1401 2575 1474 Procyon,
2612 1414 2665 1459 et
2692 1405 2873 1460 Κύων.
2917 1409 3014 1461 Ille
3053 1409 3372 1476 Antecanis,
3412 1429 3538 1479 snve

1967 1481 2308 1548 minusculus
2342 1493 2509 1550 Canis
2549 1506 2796 1561 vocatur,
2861 1498 2929 1552 ad
2981 1501 3211 1555 lacteum
3269 1505 3536 1560 circulum

1967 1583 2198 1652 positus,
2226 1584 2368 1640 inter
2389 1586 2820 1656 aequinoctialem
2844 1589 3107 1645 circulum
3137 1601 3190 1647 ct
3217 1594 3535 1654 zodiacum;

1967 1675 2214 1744 duasque
2271 1677 2456 1733 stellas
2498 1679 2660 1732 habet
2691 1697 2706 1746 ;
2753 1681 2807 1733 in
2837 1681 2978 1736 collo
3007 1698 3171 1736 unam
3198 1722 3214 1746 ,
3246 1685 3301 1738 in
3334 1685 3540 1742 femore

1969 1759 2218 1827 alteram,
2256 1778 2376 1832 qua:
2406 1773 2460 1818 et
2481 1763 2730 1837 Procyon
2759 1769 3065 1837 appellatur
3101 1775 3340 1842 preprie.
3365 1775 3538 1842 Cujus

1967 1851 2126 1921 origo
2158 1855 2410 1909 vocabuli
2443 1872 2506 1911 ex
2551 1872 2618 1912 eo
2663 1860 2889 1929 petitur,
2922 1861 3066 1932 quod
3097 1863 3264 1920 Canis
3315 1881 3378 1922 ac
3410 1867 3538 1924 Sirii

1968 1941 2236 2009 praecedat
2264 1951 2467 2001 ortum.
2501 1947 2666 2002 Canis
2700 1956 2882 2003 autem
2909 1950 3063 2006 sidus
3091 1962 3173 2008 est
3197 1956 3264 2009 ad
3289 1967 3538 2012 austrum

1969 2031 2110 2086 infra
2165 2036 2600 2105 aequinoctialem
2644 2040 2937 2095 circulum.
2995 2041 3148 2109 Quod
3195 2061 3317 2100 cum
3354 2049 3540 2105 stellas

1968 2122 2165 2178 habeat
2188 2126 2392 2196 plures,
2430 2130 2754 2200 prrecipuam
2789 2142 2968 2189 tamen
2998 2135 3054 2188 in
3087 2149 3180 2189 ore
3231 2151 3295 2190 ac
3321 2139 3541 2193 maxilla

1970 2216 2140 2285 gerit:
2181 2233 2342 2287 quam
2373 2218 2572 2273 Sirium
2595 2229 2813 2285 vocant,
2854 2221 3031 2278 Latini
3058 2225 3398 2290 Caniculam,
3435 2230 3542 2285 etsi

1969 2305 2229 2360 Canicula
2275 2317 2667 2378 nonnunquam
2716 2327 2813 2380 pro
2843 2321 2957 2366 toto
2987 2314 3103 2384 ipso
3148 2317 3325 2372 sidere
3368 2322 3544 2374 sumi-

1970 2403 2079 2452 tur.
2108 2396 2320 2453 Plinius
2347 2400 2442 2455 lib.
2480 2400 2667 2465 XVIII,
2706 2417 2828 2472 cap.
2857 2402 3071 2458 XXVIII
3109 2419 3263 2478 negat
3303 2409 3540 2484 Procyni

1970 2504 2167 2545 nomen
2217 2491 2360 2561 apud
2418 2491 2695 2549 Romanos
2726 2496 2895 2550 ullum
2927 2513 3068 2553 esse.
3135 2518 3155 2551 ι
3200 2501 3352 2567 Quod
3387 2506 3541 2562 sidus

1972 2577 2114 2646 apud
2159 2578 2459 2646 Romanos,
2521 2582 2715 2652 inquit,
2767 2599 2875 2639 non
2924 2585 3084 2642 habet
3146 2605 3365 2654 nomen,
3432 2596 3543 2651 nisi

1969 2668 2286 2726 Caniculam
2307 2673 2447 2728 hanc
2472 2674 2699 2732 velimus
2736 2677 2962 2748 intelligi
2986 2695 3001 2730 :
3033 2679 3134 2734 hoc
3159 2692 3244 2738 est
3276 2685 3539 2742 minorem

1969 2759 2204 2829 Canem,
2238 2774 2298 2819 ut
2329 2765 2385 2819 in
2409 2767 2572 2821 astris
2597 2769 2874 2838 pingitur:
2901 2771 2965 2823 ad
2997 2782 3186 2826 aestum
3217 2789 3543 2848 magnopere

1969 2852 2271 2920 pertinens.
2311 2873 2330 2906 ι
2379 2853 2455 2909 Ita
2483 2854 2780 2915 Peliserius
2809 2861 3191 2917 emendaverat
3224 2865 3278 2918 in
3321 2882 3417 2922 ora
3446 2884 3538 2924 co-

1970 2943 2108 2998 dicis
2134 2945 2241 3010 sui,
2285 2960 2384 3018 pro
2410 2962 2518 3017 quo
2547 2950 2710 3020 vulgo
2743 2950 2941 3020 legitur
2969 2970 2984 3005 :
3021 2971 3040 3003 ι
3075 2952 3172 3009 Est
3221 2964 3402 3013 autem
3428 2975 3545 3014 ma-

1971 3047 2208 3103 gnopere
2258 3037 2558 3106 pertinens.
2604 3058 2626 3090 »
2683 3037 2961 3096 Pertinere
2991 3043 3058 3096 ad
3102 3053 3293 3100 aastum
3341 3046 3545 3122 Procy-

1971 3138 2094 3177 nem
2146 3125 2244 3191 ait,
2291 3128 2550 3196 quoniam
2582 3147 2600 3179 ‹
2641 3129 2952 3186 confessum
2992 3133 3134 3188 inter
3173 3150 3363 3193 omnes
3390 3140 3544 3194 sidus

1979 3216 2208 3282 indicat,
2253 3221 2400 3288 quod
2453 3220 2619 3276 Canis
2669 3230 2848 3277 ortum
2893 3239 3174 3283 vocamus.
3206 3246 3226 3280 ι
3288 3229 3547 3302 Adeoque

1975 3309 2250 3378 ingentem
2280 3311 2434 3367 illum
2464 3321 2658 3368 aestum
2689 3314 2976 3371 denuntiat
3007 3335 3020 3371 :
3056 3317 3166 3374 imo
3204 3329 3259 3376 et
3302 3337 3365 3377 ex
3391 3333 3548 3393 parte

1977 3398 2129 3455 facit.
2163 3399 2300 3456 Hinc
2326 3401 2586 3460 Horatius
2604 3405 2700 3461 lib.
2733 3405 2820 3472 ιιι,
2865 3405 2981 3462 Ode
3007 3408 3076 3462 30
3106 3426 3120 3461 :

2471 3514 2598 3569 Iam
2623 3516 2865 3588 Procyon
2890 3520 3023 3588 furit

2329 3584 2402 3638 Et
2429 3587 2587 3640 stella
2612 3584 2787 3641 vesani
2810 3584 3001 3644 Leonis

2331 3653 2455 3709 Sole
2477 3657 2587 3710 dies
2616 3658 2869 3727 referente
2888 3661 3076 3715 siccos.

2047 3766 2164 3822 Nisi
2218 3769 2342 3838 quis
2400 3770 2636 3826 fortasse
2669 3771 2970 3844 Procynem
3026 3776 3096 3831 ab
3147 3777 3372 3837 Horatio
3419 3800 3543 3842 cum

1979 3857 2126 3913 Sirio
2166 3859 2433 3915 confundi
2463 3863 2613 3924 velit,
2642 3864 2900 3932 quoniam
2931 3867 3105 3935 prima
3135 3869 3250 3925 haec
3271 3877 3547 3934 asterismi

1978 3949 2142 4005 Canis
2170 3952 2325 4006 stella
2357 3961 2482 4006 ante
2513 3959 2760 4018 caeteras,
2797 3954 3040 4026 adeoque
3078 3968 3202 4014 ante
3237 3969 3408 4018 totum
3464 3968 3548 4037 ip-

1979 4054 2100 4094 sum
2135 4039 2336 4097 Canem
2376 4050 2615 4112 apparet.
2684 4043 2774 4100 Sic
2807 4046 2953 4100 enim
2989 4045 3226 4105 Galenus
3275 4053 3328 4107 in
3391 4056 3484 4111 lib.
3529 4057 3548 4110 l

1977 4131 2220 4201 Epidem.
2273 4133 2616 4204 Hippocratis
2651 4174 2667 4198 ,
2728 4136 2891 4190 Κύων
2919 4139 3032 4207 τμὲν
3069 4140 3176 4214 γὰρ
3215 4142 3276 4195 τὸ
3329 4145 3552 4216 σύμπαν

1977 4223 2194 4295 ἄστρονο
2221 4227 2249 4277 ὁ
2271 4225 2333 4277 δὲ
2365 4227 2455 4277 ἐπὶ
2483 4227 2580 4294 τῆς
2607 4226 2798 4294 γένυος
2822 4229 2984 4282 αὐτοῦ
3017 4223 3254 4301 Σείριοςο
3283 4235 3342 4288 ὃν
3376 4237 3551 4308 ὀρθῶς

1977 4314 2044 4368 ἄν
2087 4331 2170 4378 τις
2223 4315 2475 4386 ὀνομάζοι
2532 4317 2624 4371 τὸν
2661 4319 2944 4389 Πρόκυνα,
2979 4321 3039 4374 οὐ
3093 4323 3183 4377 τὸν
3232 4325 3404 4381 Κύνα.
3449 4329 3550 4383 Si-

1979 4403 2120 4456 rium
2152 4404 2229 4457 ait
2282 4406 2542 4476 appellari
2576 4421 2607 4460 a
2662 4410 2948 4465 nonnullis
2993 4411 3150 4476 κύνα,
3190 4417 3334 4485 quod
3375 4424 3564 4478 totius.

307 4519 426 4563 tum
458 4524 617 4563 suum
645 4510 890 4579 corrigit,
929 4510 1020 4580 qui
1056 4525 1121 4564 ex
1145 4512 1420 4564 communi
1455 4511 1709 4580 opinione
1741 4514 1879 4566 dixit
1909 4522 1955 4577 ι)
1981 4510 2181 4550 nomen
2209 4505 2293 4551 εει
2322 4497 2519 4553 Sideris
2545 4517 2558 4550 ³
2590 4500 2792 4554 melius
2825 4508 3002 4555 tamen
3034 4501 3334 4576 Pl'ocynem
3365 4514 3552 4581 appel"

304 4603 376 4657 in
419 4607 574 4670 parte
619 4599 816 4656 Leonis
856 4609 1036 4655 ortum
1084 4600 1261 4656 facere
1307 4599 1508 4656 Sirium
1551 4622 1563 4657 :
1604 4622 1623 4654 ι
1664 4602 1880 4666 Melius,

304 4690 518 4761 inquit,
569 4689 794 4744 dixisset
837 4691 1038 4745 Canem
1076 4689 1347 4760 principio
1406 4689 1602 4744 Cancri
1651 4692 1784 4746 oriri
1826 4696 1883 4749 in

304 4783 536 4841 ﬁnitore
583 4782 895 4838 barbarico.
942 4780 1154 4837 Saeculo
1182 4781 1389 4836 Manilii
1415 4782 1696 4837 oriebatur
1723 4783 1778 4837 in
1809 4799 1882 4837 vn

300 4875 537 4933 Cancri.
575 4895 594 4927 ι
637 4871 705 4928 Ut
732 4873 960 4945 Augusti
985 4875 1184 4928 saeculo
1210 4873 1404 4929 demus
1437 4873 1685 4929 ﬂoruisse
1710 4876 1884 4928 Mani-

301 4971 474 5032 lium,
518 4966 664 5037 quod
714 4972 866 5020 ratus
897 4973 982 5020 est
1029 4963 1292 5033 Scaliger,
1329 4979 1507 5034 neque
1553 4963 1708 5018 initio
1745 4963 1886 5018 Can-

301 5063 424 5126 cri,
466 5073 642 5128 neque
684 5073 808 5112 cum
836 5057 960 5125 ejus
997 5055 1165 5126 gradu
1207 5070 1278 5108 vu
1328 5062 1445 5108 orta
1480 5067 1564 5111 est
1602 5055 1881 5110 Canicula.

301 5151 532 5220 Quippe
565 5165 727 5205 verus
748 5150 894 5204 illius
923 5156 1078 5202 ortus
1124 5145 1470 5201 Alexandriae
1503 5147 1557 5200 in
1593 5147 1761 5217 gradu
1794 5147 1881 5212 12,

299 5244 403 5301 27⁸
433 5259 449 5308 ;
478 5240 723 5295 heliacus
751 5240 805 5293 in
847 5238 939 5306 26,
983 5238 1047 5293 9'
1078 5237 1298 5291 accidit.
1344 5238 1428 5291 Ab
1460 5244 1584 5291 ortu
1613 5252 1744 5292 vero
1776 5253 1882 5292 non

298 5337 553 5398 multum
592 5333 845 5388 abhorret
907 5332 1166 5388 Plinius:
1211 5333 1305 5403 qui
1371 5333 1469 5387 lib.
1516 5328 1706 5394 XVIII,
1761 5345 1884 5398 cap.

301 5425 874 5493 IXIX,Caniculam
904 5424 1037 5478 oriri
1087 5425 1163 5479 ait
1216 5427 1273 5477 in
1320 5423 1554 5494 Egypto
1599 5438 1652 5475 IV
1703 5419 1887 5476 Nonas

297 5522 515 5581 Julias.
566 5513 626 5572 In
655 5517 802 5571 hunc
831 5517 977 5570 enim
1019 5516 1162 5572 diem
1198 5517 1518 5571 undecimus
1547 5514 1660 5568 fere
1692 5512 1888 5566 Cancri

300 5609 528 5688 gradus
550 5608 800 5664 incurrit.
835 5605 1074 5662 Tametsi
1100 5607 1167 5662 de
1196 5605 1460 5678 Procyne,
1502 5621 1610 5660 non
1640 5605 1707 5659 de
1727 5603 1889 5657 Cani-

295 5705 471 5771 epla,
521 5700 734 5755 videtur
790 5698 895 5752 hoc
936 5698 1598 5768 posteriusintellexisse
1654 5694 1886 5750 Plinius.

293 5803 459 5856 Nam
488 5790 668 5862 capite
699 5787 1059 5855 antecedenti,
1097 5804 1146 5842 IV
1191 5787 1374 5845 Nonas
1398 5786 1635 5858 Egypto
1678 5784 1888 5856 Procy-

1984 4585 2087 4639 lari
2117 4602 2301 4656 posse,
2341 4603 2503 4657 quam
2533 4589 2757 4644 Canem.
2806 4589 2976 4656 Quem
3009 4594 3196 4651 Galeni
3247 4600 3448 4668 locum,
3493 4617 3552 4660 ut

1985 4685 2038 4732 et
2064 4678 2170 4731 alia
2196 4676 2312 4732 fere
2338 4678 2522 4731 omnia
2553 4679 2620 4733 de
2649 4680 2928 4747 Canicula,
2958 4684 3012 4737 in
3042 4684 3370 4759 farraginem
3403 4693 3547 4750 Soli-

1983 4769 2204 4822 nianam
2244 4770 2440 4823 avertit
2489 4769 2793 4827 Salmasius
2839 4788 2904 4828 ex
2940 4773 3190 4833 Bisciolae
3233 4787 3407 4839 nostri
3455 4789 3549 4845 lib.

1985 4859 2078 4916 XII
2112 4861 2245 4915 tomi
2273 4860 2315 4915 ll
2371 4861 2806 4928 subsecivarum,
2850 4881 2970 4936 cap.
3005 4867 3046 4922 Il
3079 4887 3094 4936 ;
3154 4887 3330 4944 neque
3359 4888 3549 4934 aucto-

1985 4967 2122 5015 rem,
2178 4967 2210 5006 a
2245 4968 2355 5022 quo
2388 4953 2493 5008 ista
2533 4953 2834 5020 didicerat,
2864 4959 2948 5012 vel
2983 4959 3169 5016 littera
3213 4967 3549 5035 nominavit;

1985 5042 2078 5111 qui
2110 5041 2230 5111 ejus
2258 5053 2341 5096 est
2387 5057 2522 5098 mos.
2581 5042 2772 5097 Utrum
2817 5054 2999 5101 autem
3029 5048 3329 5122 Procynem
3359 5073 3555 5130 ρει-ρο-

1990 5143 2081 5187 tuo
2119 5149 2218 5203 pro
2250 5133 2511 5188 Canicula
2559 5134 2772 5191 Plinius
2809 5142 3103 5208 acceperit,
3144 5146 3289 5213 quod
3329 5147 3552 5205 Exerci-

1988 5226 2154 5279 tatori
2179 5225 2416 5289 videtur,
2446 5226 2693 5283 dicemus
2729 5244 2852 5299 cap.
2883 5231 2903 5285 Ι
2939 5233 3061 5287 libri
3091 5238 3329 5305 septimi.

2058 5313 2130 5369 Ut
2181 5315 2238 5369 in
2267 5324 2393 5369 ortu
2424 5330 2525 5370 suo
2560 5317 2886 5398 immodicos
2917 5330 3086 5378 aestus
3119 5326 3357 5382 excitare
3391 5330 3553 5386 Cani-

1988 5409 2189 5470 culam,
2239 5407 2318 5462 sic
2347 5407 2688 5462 occidentem
2736 5409 2940 5481 frigora
2978 5421 3034 5466 et
3084 5414 3337 5478 inimicas
3375 5420 3550 5494 frugi-

1989 5499 2094 5555 bus
2127 5499 2354 5568 pruinas
2386 5513 2732 5556 commovere
2758 5504 3058 5574 scriptores
3082 5517 3356 5565 asserunt.
3389 5513 3553 5571 Mani-

1990 5593 2096 5647 lius
2135 5591 2229 5646 lib.
2262 5589 2303 5658 I,
2338 5591 2570 5647 Plinius?
2606 5594 2700 5649 lib.
2737 5593 2922 5668 XVIII,
2969 5613 3089 5667 cap.
3136 5598 3341 5671 XXIX;
3391 5606 3554 5663 Col".

1991 5685 2152 5742 mella
2188 5686 2284 5740 lib.
2324 5679 2414 5749 Xl,
2446 5700 2568 5756 cap.
2605 5685 2669 5741 ll.
2708 5705 2727 5737 ¢
2763 5685 2944 5743 Pridie
2977 5688 3204 5746 Kalend.
3247 5693 3418 5753 Maias
3450 5698 3552 5755 Ca-

1993 5783 2081 5835 nis
2141 5794 2200 5833 se
2248 5793 2474 5848 vespere
2531 5780 2708 5845 celat;
2753 5790 3130 5853 tempestatem
3182 5787 3472 5858 significat.
3533 5812 3552 5850 ι
