4022 6398
511 370 647 427 «1391

1521 372 1612 426 AD
1653 372 1926 428 EL'SEBII
1949 371 2349 429 CIIRONICON
2383 373 2748 429 APPENDI-X.

3609 367 3638 422 1
3649 364 3786 421 392

509 489 673 544 Plinii
710 488 896 556 verba,
933 491 1058 561 quia
1086 489 1346 546 mendosa
1381 498 1529 554 sunt,
1562 493 1866 562 castigandi
1902 510 2066 548 causa
2097 500 2144 554 Α
2208 514 2225 545 ι
2269 493 2372 550 Per
2431 495 2562 549 illud
2643 503 2859 564 tempus
2935 493 3111 549 solum
3201 503 3410 546 summa
3464 486 3785 556 spicarum

513 582 845 637 referemus.
903 579 1101 636 Narrat
1156 581 1406 637 instituta
1452 580 1736 654 Robigalia
1787 600 1838 640 a.
1893 585 1948 639 d.
1999 603 2074 640 vn

514 670 742 728 Kalend.
788 672 913 727 Mai.
965 691 977 726 :
1039 691 1057 724 ι
1100 671 1256 738 Quod
1311 682 1434 744 post
1471 676 1589 730 dies
1635 676 1972 746 undeviginti
2006 678 2076 730 ab

512 763 840 832 aequinoctio
880 778 1078 828 verno,
1124 779 1220 834 per
1269 764 1328 817 id
1372 765 1724 834 quatriduum
1778 769 1923 819 varia
1953 781 2078 835 gen-

516 856 648 909 tium
670 855 1049 910 observatione
1079 858 1135 910 in
1162 872 1213 910 iv
1238 855 1472 912 Kalend.
1507 856 1632 912 Maii
1657 857 1822 914 Canis
1851 859 2072 924 occidit,

515 947 670 1002 sidus
703 956 756 1001 et
787 962 883 1016 per
914 963 973 1002 se
1000 947 1316 1010 vehemens,
1351 957 1404 1003 et
1449 950 1535 1002 cui
1570 951 1932 1019 praeoccidere
1972 950 2075 1004 Ca-

514 1039 750 1091 niculam
799 1053 1023 1093 necesse
1050 1039 1154 1094 sit.
1190 1058 1210 1092 ι
1258 1040 1303 1092 Α
1345 1056 1421 1094 vn
1481 1040 1752 1097 Kalendas
1791 1041 1961 1096 Maias
2009 1041 2075 1094 ad

513 1144 565 1183 tv
598 1136 769 1183 totum
793 1129 893 1184 hoc
914 1131 1263 1200 quatriduum
1292 1131 1540 1202 frugibus
1567 1132 1929 1187 decretorium
1955 1149 2077 1188 esse

510 1221 645 1276 dicit
669 1240 683 1276 :
707 1230 761 1276 et
786 1222 854 1276 ab
882 1224 1212 1292 aequinoctio
1243 1239 1410 1278 verno
1433 1224 1549 1280 dies
1581 1234 1829 1279 numerat
1853 1224 2077 1280 undevi-

508 1315 665 1386 ginti.
680 1314 1089 1385 Equinoctium
1111 1331 1334 1370 vernum
1353 1315 1570 1372 aPIinio
1591 1318 1872 1373 confertur
1899 1319 1952 1372 in
1981 1334 2073 1371 vni

507 1405 681 1475 April,
699 1404 979 1466 Kalendas.
1003 1422 1032 1458 a
1051 1421 1158 1475 quo
1178 1407 1452 1463 secundus
1467 1417 1520 1462 et
1534 1410 1843 1464 tricesimus
1859 1409 1973 1464 dies
1994 1418 2078 1464 est

507 1514 560 1551 νι
589 1496 856 1552 Kalendas
888 1496 1076 1552 Maias.
1114 1496 1426 1568 Legendum
1462 1500 1646 1570 itaque
1679 1503 1872 1556 fuerit:
1905 1521 1923 1553 ι
1954 1511 2077 1571 post

506 1589 627 1644 dies
677 1605 844 1643 unum
874 1599 928 1645 et
963 1590 1206 1659 triginta.
1243 1611 1260 1643 υ
1310 1591 1454 1646 Idem
1491 1592 1702 1648 Plinius
1727 1610 1793 1648 ex
1833 1583 2077 1650 Varrone

506 1680 674 1736 refert
721 1696 976 1736 occasum
1010 1680 1286 1736 Caniculae
1339 1683 1392 1736 in
1447 1682 1715 1738 decimam
1759 1682 1923 1739 Tauri
1952 1702 2077 1756 par-

506 1781 638 1828 tem.
676 1771 831 1839 Quod
885 1773 1034 1828 illius
1099 1775 1283 1828 saaculi
1341 1775 1583 1844 opinioni
1640 1779 1911 1846 congruit,
1953 1794 2076 1848 qua:

2177 587 2354 656 capita
2425 593 2775 656 gravantur;
2825 592 2878 638 et
2959 599 3070 653 prae
3140 582 3426 654 frugibus,
3486 594 3556 634 ac
3639 592 3785 632 me—

2177 679 2322 734 tendi
2358 679 2671 732 maturitate
2721 678 3094 742 inclinantur;
3143 685 3400 746 tanquam
3446 672 3515 727 ad
3548 687 3619 728 se
3654 670 3785 724 fal—

2175 786 2292 824 cem
2338 771 2587 824 invitent.
2615 789 2656 828 .»
2699 769 2825 839 Agit
2878 777 3058 822 autem
3092 766 3159 820 de
3205 766 3445 820 Sabbato
3485 763 3786 818 deutero-

2175 869 2370 931 proto;
2403 858 2548 929 quod
2599 875 2722 914 esse
2763 858 2903 912 idem
2930 855 3210 911 existimat
3239 868 3301 906 ac
3332 852 3574 922 primam
3630 864 3786 918 azy-

2176 966 2390 1006 morum
2427 950 2592 1005 diem.
2633 947 2813 1015 Quare
2841 963 2908 1002 cx
2946 947 3066 1016 ejus
3095 945 3418 1001 auctoritate
3451 943 3669 1011 liquet,
3716 940 3786 993 in

2178 1040 2434 1113 Egypto,
2481 1053 2570 1105 et,
2625 1041 2775 1112 quod
2837 1048 2947 1094 tam
3017 1041 3196 1110 reipsa
3248 1050 3610 1105 consequens
3655 1045 3785 1096 est,

2176 1151 2340 1205 quam
2367 1136 2436 1190 ab
2482 1135 2673 1190 eodem
2714 1134 3093 1199 concluditur;
3122 1133 3305 1191 .etiam
3341 1133 3394 1185 in
3423 1129 3786 1190 Palaestina,

2177 1235 2420 1281 maturas
2449 1243 2546 1298 per
2576 1227 2716 1282 idem
2763 1234 2976 1296 tempus
3007 1233 3218 1295 segetes
3249 1223 3312 1276 ad
3339 1236 3587 1276 messem
3623 1220 3784 1273 fuis-

2176 1333 2253 1372 se.
2310 1315 2451 1371 Sunt
2504 1318 2651 1372 cniin
2695 1317 2861 1372 ambo
2901 1316 2979 1370 illi
3029 1323 3240 1371 tractus
3280 1313 3381 1369 sub
3405 1312 3617 1367 eadem
3653 1312 3784 1382 poli

2175 1412 2466 1464 altitudine
2495 1411 2610 1466 siti.

2246 1499 2368 1554 Ilaec
2389 1516 2513 1554 cum
2533 1501 2585 1554 in
2604 1498 3185 1553 Animadversionibus
3204 1495 3617 1566 Epiphanianis
3637 1504 3783 1548 ante

2175 1591 2383 1660 aliquot
2435 1605 2610 1646 annos
2662 1591 3036 1646 observassem
3093 1589 3198 1659 (Ad
3265 1588 3409 1642 Inter.
3465 1586 3658 1651 XXX,
3711 1604 3778 1640 ιι.

2175 1681 2389 1752 XXXI),
2419 1685 2532 1737 visa
2566 1699 2676 1737 non
2713 1683 2916 1738 nemini
2955 1681 3192 1737 absurda
3238 1696 3324 1736 res
3354 1688 3440 1735 est
3463 1721 3479 1745 ,
3509 1681 3618 1748 qui
3658 1680 3780 1734 fal-

2175 1790 2291 1828 sam
2321 1775 2633 1845 opinionem
2659 1791 2780 1830 esse
2802 1783 3045 1830 nostram
3077 1776 3284 1844 putavit
3317 1789 3486 1842 super
3503 1771 3780 1827 Sabbato

505 1865 814 1936 ingressum
853 1866 908 1920 in
931 1866 1371 1922 dodecatemoria
1404 1879 1599 1922 octavo
1646 1879 1774 1926 ante
1814 1871 2073 1926 cardines
2106 1869 2150 1927 Β
2176 1867 2581 1936 deuteroproto.
2630 1867 2786 1933 Quod
2818 1884 2942 1922 cum
2973 1868 3248 1936 Scaligero
3274 1867 3404 1921 illud
3446 1882 3581 1922 esse
3620 1865 3779 1922 Sab-

505 1957 596 2012 die
626 1959 1066 2028 repraesentabat.
1104 1956 1174 2013 Ut
1213 1959 1378 2028 igitur
1399 1962 1454 2013 in
1491 1960 1730 2014 Taurum
1763 1964 1954 2017 subeat
1987 1967 2070 2018 sol

503 2068 602 2106 xm
631 2051 900 2107 Kalendas
933 2050 1123 2116 Maias,
1173 2052 1386 2107 decima
1435 2070 1562 2124 pars
1613 2056 1734 2124 ejus
1787 2057 1842 2110 in
1879 2074 1930 2112 Iv
1964 2057 2072 2112 Ka-

506 2144 696 2199 lendas
727 2145 930 2199 incidet
965 2159 981 2198 :
1013 2161 1123 2214 quo
1159 2145 1246 2200 die
1283 2145 1611 2203 Ptolermcus
1659 2146 1846 2204 Greece
1889 2164 1920 2203 a
1972 2167 2073 2204 no-

505 2237 590 2292 bis
622 2237 870 2305 vulgatus
910 2251 1167 2292 occasum
1199 2237 1366 2292 Canis
1393 2237 1694 2295 adnotavit.
1727 2239 1948 2296 Tabula:
1982 2259 2074 2297 no-

505 2335 634 2380 stra:
682 2326 953 2380 heliacum
990 2340 1247 2382 occasum
1307 2328 1436 2384 Sirii
1485 2330 1719 2384 reddunt
1776 2329 1963 2387 Romae
2016 2333 2070 2387 in

503 2420 674 2490 gradu
697 2417 862 2473 Tauri
905 2419 961 2484 5,
995 2419 1108 2474 δί’.
1149 2418 1323 2486 Quem
1357 2422 1439 2475 sol
1490 2423 1672 2476 adibat
1713 2420 1842 2477 Julii
1888 2425 2072 2480 Cresa-

503 2513 583 2566 ris
618 2519 781 2565 :etate
813 2511 975 2565 tertio
1026 2510 1247 2565 circiter
1297 2509 1571 2568 Kalendas
1609 2511 1800 2568 Maias.
1859 2513 2072 2572 Plinius

502 2602 759 2672 vero,qui
789 2617 861 2658 vn
890 2601 1160 2658 Kalendas
1200 2603 1499 2673 adnotavit,
1529 2621 1596 2660 ex
1631 2606 2072 2671 ὲπικαταδύσεως

503 2696 830 2766 φαινομένης
885 2694 1094 2750 ratione
1149 2695 1432 2750 conciliari
1473 2705 1671 2766 potest.
1730 2697 1864 2752 Nam
1927 2701 2074 2757 illius

504 2786 710 2840 laxiora
734 2786 910 2841 solent
933 2801 1055 2841 esse
1079 2787 1270 2857 spatia,
1291 2797 1348 2841 ut
1367 2802 1532 2860 supra
1554 2788 2069 2848 demonstravimus.

503 2875 765 2932 Geminus
812 2878 889 2930 ait
932 2877 1133 2932 Canem
1175 2879 1498 2935 Euctemoni
1549 2879 1606 2934 in
1647 2883 1873 2937 secundi
1904 2881 2072 2938 Tauri

504 2978 680 3040 parte,
732 2967 958 3024 Eudoxo
992 2970 1047 3024 in
1081 2980 1272 3040 quarta
1301 2970 1487 3026 celari.

1083 3082 1312 3138 CAPUT
1365 3083 1477 3139 XII.

503 3196 579 3251 De
605 3208 832 3266 tempore
852 3199 1035 3267 messis
1058 3199 1110 3252 in
1139 3198 1368 3267 [Egi/pio
1399 3210 1448 3252 et
1474 3200 1770 3254 Palwstina
1807 3217 1872 3254 ea:
1915 3217 2068 3254 acca—

571 3285 714 3322 stone
734 3279 878 3321 ortus
906 3266 1184 3339 Pleiadum
1207 3266 1226 3331 ζ
1253 3266 1317 3322 ac
1345 3269 1407 3322 de
1421 3269 1650 3324 Sabbato
1677 3272 2068 3339 deuteroproto;

571 3339 723 3406 cujus
776 3339 915 3391 ratio
971 3339 1024 3391 in
1083 3337 1464 3406 Epiphaniania
1514 3337 2069 3394 Animadversionibus

571 3409 771 3462 tradita
818 3407 1150 3480 defenditur,
1195 3420 1478 3480 contraque
1543 3428 1659 3464 eum
1707 3412 1912 3480 objecta
1960 3413 2070 3464 sol-

569 3489 780 3532 vuntur.
827 3478 1036 3531 Primus
1087 3481 1279 3532 mensis
1325 3478 1401 3531 ab'
1429 3479 1663 3534 Ilebrmis
1695 3478 1775 3534 adi
1817 3497 2070 3535 novarum

571 3551 782 3622 frugum
810 3557 1009 3622 t_e_mpu_s
1037 3550 1489 3622 accommodatus.
1528 3549 1818 3604 Μίκων-ηαδ
1855 3552 2070 3622 frugum

570 3620 780 3685 duplex.
816 3617 990 3671 Marci
1033 3621 1367 3689 evangelista:
1398 3621 1544 3675 locus
1574 3617 1907 3678 illustratur.

572 3729 764 3782 Mirum
800 3729 1152 3798 quibusdam,
1183 3746 1282 3785 nec
1319 3733 1456 3787 satis
1481 3732 1742 3787 credibile
1764 3749 1937 3787 Visum
1965 3745 2069 3798 est,

499 3820 643 3891 quod
671 3835 736 3874 ex
772 3819 995 3886 Ilesiodi
1046 3828 1102 3874 et
1137 3821 1370 3876 aliorum
1417 3823 1772 3892 antiquorum
1809 3823 2072 3878 testifica-

501 3915 646 3965 tione
693 3918 930 3972 constat,
968 3911 1072 3965 sub
1099 3925 1348 3966 exortum
1381 3913 1742 3987 Vergiliarum
1777 3919 2067 3986 tempesti-

499 4018 621 4056 vam
653 4003 708 4056 in
735 4001 942 4056 Graecia
985 4018 1218 4057 messem
1261 4003 1450 4059 fuisse.
1486 4005 1621 4059 Nam
1661 4008 1876 4060 illarum
1916 4017 2070 4064 ortus

498 4095 745 4150 Ireliacus
797 4097 851 4148 in
885 4111 1028 4150 anno
1066 4093 1284 4150 Juliano
1314 4098 1490 4166 primo
1543 4097 1730 4154 Romae
1779 4100 1957 4156 factus
1986 4110 2068 4158 es'

498 4187 786 4244 Tauronos
826 4203 1018 4255 xxvm,
1047 4189 1140 4258 qui
1177 4189 1230 4242 in
1263 4189 1386 4242 Maii
1419 4206 1508 4244 xxr
1539 4191 1684 4244 diem
1717 4192 1980 4259 cadebat;
2016 4195 2068 4248 in

499 4279 734 4351 Egypto
767 4295 918 4341 vero.
951 4277 1241 4335 Tauronos
1276 4297 1388 4344 xxi,
1428 4276 1554 4336 Maii
1599 4298 1711 4339 xiv.
1754 4287 1824 4338 At
1848 4283 2070 4339 Hesiodi

498 4381 741 4440 tempore
784 4371 1052 4427 maturius
1107 4372 1286 4426 adhuc
1338 4381 1494 4427 ortus
1533 4374 1622 4428 ille
1656 4373 1838 4430 ﬁebat.
1876 4375 1981 4430 Sed
2015 4385 2072 4429 ut

496 4464 565 4518 de
597 4463 807 4517 Graecia
839 4463 1022 4526 modo,
1053 4472 1108 4518 et
1141 4463 1294 4518 Italia
1329 4465 1466 4518 nihil
1487 4466 1664 4520 dicam
1691 4507 1705 4531 ,
1751 4468 1806 4521 in
1836 4467 2069 4539 AEgypto

498 4570 632 4612 sane
683 4571 748 4610 ac
795 4555 1083 4611 Palaestina
1116 4557 1276 4627 longe
1329 4565 1456 4614 ante
1494 4558 1768 4614 heliacum
1803 4558 2062 4628 Vergilia-

2177 4547 2348 4586 CIIIIUS
2390 4549 2403 4584 ε

499 4663 619 4702 rum
649 4644 898 4702 exortum
952 4661 1186 4702 messem
1236 4648 1684 4717 auspicabantur.
1739 4648 1874 4702 Nam
1918 4649 1959 4701 Τ
1969 4650 2060 4704 hec

501 4739 557 4792 in
581 4737 988 4794 commentariis
1016 4735 1082 4790 ad
1107 4739 1331 4814 Aratum
1358 4739 1513 4794 testis
1534 4747 1638 4803 est,
1667 4740 1872 4794 mensis
1898 4739 2042 4795 Phar

500 4829 672 4881 muthi
702 4843 808 4881 xxv
850 4827 959 4890 die,
1000 4828 1093 4896 qui
1126 4827 1329 4896 Aprilis
1373 4844 1445 4881 xx
1480 4829 1795 4898 respondet,
1836 4831 2065 4884 orienti-

501 4919 602 4973 bus
629 4916 882 4987 Vergiliis
909 4919 1104 4972 messis
1128 4918 1182 4971 in
1216 4915 1450 4988 Aigypto
1477 4925 1691 4988 tempus
1722 4934 1862 4974 esse.
1907 4920 1971 4973 Et
2001 4922 2071 4976 de

499 5013 741 5066 msmico
763 5028 858 5066 seu
890 5027 1039 5076 vero,
1067 5029 1177 5066 non
1219 5013 1428 5067 heliaco
1455 5022 1651 5068 exortu
1684 5015 1948 5084 loquitur,
1973 5017 2064 5086 qui

408 5110 417 5122 ‘
499 5102 738 5158 Theonis
785 5104 986 5159 smculo
1035 5105 1181 5158 circa
1219 5106 1350 5160 illud
1401 5115 1613 5176 tempus
1643 5107 1860 5162 accidit.
1912 5107 2064 5174 Quod

499 5214 564 5250 ne
613 5197 738 5266 quis
792 5212 990 5250 vanum
1032 5198 1326 5262 existimet,
1361 5197 1676 5269 .‘Egyptium
1715 5201 1943 5255 alterum
1989 5202 2054 5256 ci-

499 5288 624 5342 tabo
684 5289 864 5358 priore
919 5288 1012 5342 illo
1072 5289 1245 5360 magis
1311 5291 1476 5346 etiam
1520 5291 1777 5346 idoneum
1829 5301 2063 5359 testem;

499 5377 555 5430 S.
576 5375 840 5430 Isidor-um
872 5375 1227 5444 Pelusiotam,
1249 5380 1340 5449 qui
1376 5379 1470 5435 lib.
1505 5380 1591 5443 Ill,
1623 5383 1782 5452 epist.
1806 5382 1906 5437 IIO
1931 5386 2068 5438 scri-

499 5468 578 5523 bit
610 5468 715 5522 sub
744 5468 798 5522 id
827 5478 1064 5538 tempus,
1098 5486 1208 5540 quo
1237 5470 1409 5526 Judaei
1446 5471 1654 5528 Pascha
1689 5475 2064 5540 celebrabant,

497 5552 679 5613 spicas
726 5553 839 5622 jam
872 5563 1118 5611 maturas
1146 5559 1214 5611 ad
1237 5575 1469 5614 messem
1496 5562 1689 5617 videri.
1751 5564 1838 5616 Ἐν
1873 5566 2067 5635 ἐκείνῳ

496 5642 604 5708 γὰρ
639 5642 717 5712 τῷ
749 5645 924 5715 καιρῷ
949 5646 1094 5716 μόνῳ
1136 5648 1544 5720 καρηϐαροῦσιν
1567 5652 1616 5703 οἱ
1652 5652 1940 5722 ἀστάχυες,
1972 5654 2063 5706 καὶ

494 5733 770 5788 κέκλιντειι
800 5737 905 5788 ὑπὸ
950 5737 1044 5790 τοῦ
1093 5739 1324 5809 καρποῦ,
1367 5743 1460 5793 καὶ
1499 5742 1599 5810 τῆς
1665 5743 1800 5813 πρὸς
1858 5744 2061 5814 ἄμητον.

486 5826 862 5898 -ὦραςιοιονεὶ
904 5828 1000 5900 τὴν
1054 5830 1328 5900 δρεπάνην
1360 5833 1442 5900 ἐφ’
1479 5834 1706 5898 ἑαυτοὺς
1751 5819 2060 5899 καλόῦντες.

2176 1959 2362 2012 batum
2394 1959 2759 2024 ostendimus,
2798 1960 2944 2032 quod
2978 1960 3213 2031 primum
3243 1969 3327 2015 est
3357 1959 3466 2012 ἀπὸ
3501 1962 3611 2030 τῆς
3646 1961 3782 2014 aeu-

2172 2052 2335 2122 τέρας
2365 2052 2460 2106 τοῦ
2498 2055 2706 2124 Πάσχα,
2745 2055 2798 2108 in
2829 2069 2935 2124 qua
2975 2053 3284 2123 manipulus
3316 2069 3595 2107 novarum
3652 2055 3780 2109 fru-

2173 2162 2300 2215 gum
2332 2147 2516 2202 offerri
2564 2157 2946 2203 consueverat.
2988 2145 3106 2212 Quo
3141 2147 3304 2201 etiam
3361 2148 3413 2199 in
3470 2150 3606 2201 loco
3639 2165 3778 2203 sen-

2173 2239 2398 2290 tentiam
2458 2238 2606 2292 illam
2671 2239 3073 2308 redarguimus,
3127 2254 3249 2308 quae
3297 2237 3615 2293 Sabbatum
3682 2256 3778 2294 se-

2173 2328 2644 2399 eundo-primum
2696 2329 2818 2384 ideo
2875 2327 3234 2383 Pentecosten
3279 2342 3400 2382 esse
3460 2327 3774 2390 malebat,

2171 2418 2432 2487 quoniam
2465 2428 2689 2472 matura:
2722 2427 2852 2472 tunc
2881 2426 3037 2472 erant
3065 2417 3251 2487 spicae,
3285 2424 3343 2470 ut
3378 2431 3478 2472 eas
3515 2419 3773 2486 apostoli

2175 2509 2416 2564 Sabbato
2441 2509 2534 2564 illo
2562 2509 2953 2566 confricarent.
3005 2510 3119 2565 Sub
3150 2510 3366 2564 initium
3397 2518 3594 2563 autem
3634 2526 3773 2581 azy-

2174 2618 2386 2656 morum
2433 2610 2661 2658 matura:
2710 2618 2832 2659 esse
2871 2619 2978 2658 non
3011 2611 3263 2673 poterant
3300 2603 3772 2674 quandoquidem

2174 2695 2631 2766 quinquagesimo
2677 2695 2805 2752 inde
2848 2696 2936 2750 die
2967 2696 3072 2750 falx
3111 2698 3344 2766 primum
3400 2697 3767 2750 mittebatur.

2175 2786 2298 2842 Ilaec
2353 2804 2463 2843 non
2521 2787 2658 2842 falsa
2686 2789 2862 2844 solum
2896 2805 3054 2852 esse,
3111 2789 3206 2844 sed
3253 2789 3412 2843 etiam
3466 2790 3772 2843 contraria

2175 2877 2472 2949 Scriptura
2527 2877 3047 2933 demonstravimus.
3102 2875 3271 2948 Negat
3320 2891 3453 2931 vero
3512 2878 3771 2945 scriptor

2176 2973 2267 3026 ille
2319 2986 2584 3041 nuperus,
2632 2979 2685 3026 et
2717 2971 3031 3025 damnatam
3083 2969 3194 3023 illic
3246 2983 3275 3022 a
3327 2968 3490 3022 nobis
3525 2977 3770 3023 senten-

2171 3065 2301 3117 tiam
2335 3063 2475 3117 tueri
2531 3063 2728 3132 pergit,
2791 3075 2857 3116 ac
2919 3061 3107 3115 mirari
3143 3075 3202 3114 se
3238 3059 3390 3122 dicit,
3418 3074 3544 3113 eam
3608 3061 3769 3112 velut

2177 3155 2474 3224 Scriptura:
2525 3154 2861 3208 contrariam
2894 3168 3015 3208 esse
3065 3152 3341 3219 rejectam.
3374 3151 3478 3204 Cui
3525 3152 3768 3220 quidem

2175 3249 2256 3303 sic
2293 3249 2396 3301 hoc
2439 3247 2561 3302 Ioco
2611 3246 2988 3308 satisfaciam,
3026 3255 3085 3298 ut
3113 3246 3181 3299 de
3229 3245 3425 3299 messis
3478 3251 3764 3313 tempore,

2173 3338 2320 3409 quod
2359 3353 2655 3407 cmperam,
2693 3337 2908 3407 plenius
2931 3345 3097 3405 atque
3135 3335 3356 3390 uberius
3386 3335 3695 3404 explicem.

2241 3431 2412 3502 Igitur
2438 3431 2530 3501 qui
2564 3440 2788 3500 propter
2812 3431 2997 3483 vulsas
3043 3429 3111 3481 ab
3146 3427 3407 3496 apostolis
3444 3435 3503 3480 et
3541 3427 3765 3479 confri-

2172 3536 2326 3581 catas
2373 3533 2584 3595 segetes
2631 3524 2903 3594 negabant
2955 3521 3251 3576 Sabbatum
3314 3519 3762 3588 deuteroproton

2173 3633 2344 3671 unum
2383 3615 2692 3685 quempiam
2750 3629 2815 3668 ex
2864 3626 3176 3682 azymorum
3227 3625 3348 3665 esse
3395 3610 3646 3676 diebus;
3707 3611 3761 3663 in

2172 3705 2320 3776 quod
2373 3706 2620 3776 plerique
2666 3703 3036 3766 consentiunt,
3090 3715 3174 3766 ea,
3212 3715 3374 3768 quam
3406 3702 3764 3769 oppugnavi-

2173 3814 2318 3862 mus,
2349 3799 2562 3852 ratione
2607 3796 2950 3862 nitebantur;
2999 3793 3145 3864 quod
3189 3808 3257 3845 xv
3293 3792 3379 3845 die
3417 3789 3618 3852 Nisan.
3667 3800 3763 3844 aut

2175 3905 2245 3942 xx
2282 3887 2459 3943 Martii
2500 3896 2728 3943 maturae
2757 3902 2879 3942 esse
2909 3885 3075 3956 spicae
3103 3899 3209 3938 non
3239 3892 3514 3953 poterant.
3562 3901 3584 3932 ι
3623 3882 3762 3936 Nam

2174 3978 2412 4043 festum,
2487 3977 2784 4048 inquiunt,
2877 3976 3276 4046 primitivorum
3363 3974 3763 4029 celebrabatur

2171 4071 2630 4142 quinquagesimo
2659 4069 2747 4125 die
2795 4078 2918 4139 post
2950 4067 3161 4125 Pascha
3192 4087 3204 4122 :
3241 4067 3639 4122 celebrabatur
3666 4083 3763 4121 au-

2173 4171 2281 4217 tem
2313 4165 2472 4218 simul
2508 4171 2671 4232 atque
2727 4164 2901 4231 prima
2933 4160 3039 4214 falx
3091 4161 3146 4213 in
3198 4175 3430 4214 messem
3497 4160 3765 4214 mitteba-

2173 4263 2280 4308 tur.
2325 4253 2441 4307 Non
2473 4269 2604 4323 ergo
2634 4259 2890 4322 poterant
2931 4252 2986 4305 in
3030 4249 3170 4306 festo
3202 4264 3544 4320 azymorum,
3585 4251 3648 4304 id
3680 4261 3766 4305 est

2172 4346 2561 4416 quinquaginta
2609 4352 2735 4400 ante
2765 4344 2976 4410 diebus,
3011 4351 3218 4414 segetes
3259 4357 3381 4397 esse
3439 4349 3709 4397 maturae.
3741 4361 3762 4394 ι

2172 4440 2371 4492 Contra
2403 4439 2545 4492 hanc
2577 4453 2644 4492 ex
2685 4438 2862 4506 capite
2892 4435 3066 4489 Levit.
3117 4431 3304 4495 XXIII,
3336 4433 3371 4486 9.
3419 4432 3570 4486 istud
3605 4435 3768 4503 obje-

2390 4549 2403 4584 :
2459 4545 2726 4585 novarum
2800 4527 3019 4598 frugum
3091 4526 3428 4597 manipulum
3483 4529 3767 4594 postridie

2176 4623 2363 4691 prima:
2409 4635 2721 4692 azymorum
2753 4619 2994 4673 oblatum
3037 4617 3234 4684 fuisse;
3288 4616 3520 4687 proinde
3575 4629 3766 4673 rnatu-

2176 4732 2266 4770 ras
2293 4715 2403 4785 jam
2437 4715 2608 4770 fuisse
2635 4723 2864 4784 segetes.
2897 4712 3088 4781 Neque
3126 4727 3255 4766 vero
3287 4712 3766 4779 quinquagesimo

2177 4816 2298 4877 post
2337 4807 2426 4862 die
2454 4821 2625 4862 novas
2655 4806 2840 4877 fruges
2866 4848 2881 4871 ,
2924 4805 3018 4861 sed
3055 4821 3122 4860 ex
3163 4805 3317 4859 novis
3354 4802 3620 4874 frugibus
3657 4808 3769 4874 pri-

2169 4899 2449 4960 Jnitiarum
2481 4915 2652 4970 panes
2686 4905 3102 4969 repraesentatos
3141 4912 3282 4952 esse.

2242 4991 2313 5045 At
2367 4995 2570 5046 recens‘
2600 4991 2691 5046 ille
2735 4990 2970 5060 scriptor
3022 4989 3309 5044 adversum
3359 5003 3461 5042 nos
3509 4990 3761 5059 excipit.

2176 5099 2284 5137 non
2320 5085 2502 5154 spicas
2529 5093 2802 5148 maturas,
2840 5083 2935 5140 sed
2974 5083 3153 5136 adhuc
3197 5084 3473 5141 virentes:
3515 5097 3625 5134 nec
3667 5099 3765 5137 eas

2176 5175 2442 5237 triticeas,
2491 5173 2585 5230 sed
2638 5173 2989 5234 hordeaceas,
3017 5173 3226 5227 oblatas
3256 5187 3396 5226 esse.
3462 5189 3484 5220 ι
3543 5169 3763 5237 Quare.

2161 5269 2373 5336 .nquit,
2438 5267 2483 5322 si
2525 5267 2718 5322 diebus
2765 5281 3080 5336 azymorum
3124 5267 3289 5336 spicae
3353 5265 3556 5319 messis
3626 5265 3765 5319 hor-

2175 5357 2408 5420 deaceae,
2440 5372 2561 5425 quae
2611 5364 2742 5411 tunc
2783 5355 3186 5420 offerebantur,
3239 5355 3417 5409 adhuc
3458 5355 3763 5420 virebant,

2159 5449 2380 5517 .optime
2443 5447 2712 5508 infertur.
2787 5448 3066 5511 triticum,
3125 5447 3272 5518 quod
3327 5447 3511 5503 serius
3566 5458 3764 5502 matu-

2159 5540 2362 5601 treScit,
2411 5540 2651 5594 nondum
2700 5549 2829 5593 tunc
2885 5540 3147 5611 temporis
3191 5540 3436 5609 potuisse
3469 5554 3596 5594 esse
3642 5557 3766 5594 ma.

2175 5637 2378 5684 turum.
2415 5649 2434 5681 ι

2200 5728 2207 5735 ’
2245 5744 2445 5799 Verum
2478 5760 2588 5800 non
2621 5746 2952 5802 hordeaceas
2984 5749 3158 5803 solum
3190 5790 3205 5812 ,
3247 5749 3340 5803 sed
3385 5748 3552 5802 etiam
3618 5753 3766 5804 triti-

2173 5853 2297 5892 ccas
2322 5851 2527 5918 messes
2553 5839 2682 5919 sub
2695 5855 3010 5919 azymorum
3035 5851 3276 5920 tempus
3301 5851 3547 5896 maturas
3581 5841 3767 5900 inter-
