4022 6398
297 500 320 554 1
330 498 435 557 393

1106 494 1560 554 DlSSERTA’l‘lO
1598 496 1687 552 DE
1726 493 1914 552 ORTU
1952 494 2041 549 ET
2073 492 2343 551 OCCASU
2387 492 2711 565 ειυειιυιι.

3407 496 3428 551 l
3438 495 3545 554 394

295 611 423 666 dum
456 609 651 676 fuisse,
686 609 732 667 si
762 610 1062 681 Scriptura:
1106 610 1266 665 lldem
1308 611 1599 676 habemus,
1644 626 1870 668 necesse
1898 616 1945 672 A
1970 626 2080 680 quo
2123 624 2319 681 passus
2353 618 2438 666 est
2462 609 2737 674 Christus,
2763 623 2950 665 mense
2997 609 3213 680 integro
3253 609 3415 667 citius
3442 611 3544 665 Pa-

292 709 378 758 est
429 701 673 757 credere.
720 701 857 757 Nam
888 700 1114 757 Levitici
1159 701 1328 756 XXIII
1394 702 1448 756 id
1488 717 1598 758 non
1634 703 1872 758 obscure

294 791 556 846 declarat.
589 791 689 846 Ubi
724 798 1015 863 postquam
1047 799 1319 847 commate
1344 793 1412 848 10
1443 794 1698 865 praecepit
1724 792 1874 866 Moy-

296 899 407 948 ses,
437 893 495 939 ut
527 893 651 956 post
685 886 995 941 demessam
1022 893 1261 955 segetem
1307 885 1585 955 spicarum
1615 887 1871 956 manipu-

300 976 402 1038 los,
433 985 487 1029 et
516 977 789 1047 primitias
815 975 1097 1043 olTerrent,
1133 976 1358 1045 subiicit
1386 992 1529 1032 com.
1573 977 1640 1032 13
1673 995 1686 1031 :
1718 975 1873 1030 «Pa-

300 1084 447 1130 nem,
491 1076 545 1123 et
575 1069 872 1139 polentam,
907 1075 963 1122 et
1002 1068 1183 1138 pultes
1214 1084 1323 1121 non
1351 1067 1653 1124 comedetis
1682 1085 1750 1124 ex
1782 1074 1874 1124 'se-

300 1167 440 1231 gete,
474 1175 647 1229 usque
677 1160 745 1214 ad
778 1161 924 1216 diem
973 1175 1082 1230 qua
1131 1159 1371 1215 oll‘eratis
1406 1164 1470 1215 ex
1517 1175 1581 1216 ea
1618 1160 1730 1216 Deo
1779 1177 1875 1216 ve-

301 1260 437 1308 stro.
476 1272 495 1306 )
532 1251 590 1307 Si
628 1269 911 1324 nunquam
970 1261 1219 1308 maturae.
1266 1254 1431 1309 etiam
1463 1253 1530 1308 ad
1562 1251 1873 1309 confrican-

300 1343 450 1410 dum,
490 1355 702 1411 segetes
748 1354 905 1400 erant
958 1360 1276 1418 azymorum
1332 1353 1614 1416 tempore,
1670 1345 1875 1400 frustra

301 1435 369 1490 de
398 1435 651 1505 panificio
668 1448 973 1501 caveretur,
1001 1452 1071 1492 ne
1100 1444 1228 1492 ante
1257 1438 1499 1492 oblatum
1524 1436 1688 1493 Omer
1717 1438 1881 1508 panis

302 1541 369 1581 ex
419 1526 575 1581 novis
612 1525 858 1598 frugibus
903 1528 1073 1583 fieret.
1126 1527 1314 1600 Itaque
1368 1536 1693 1600 argumento
1744 1530 1876 1586 illud

302 1626 407 1678 est,
435 1619 603 1672 etiam
638 1620 886 1673 triticum
919 1619 1217 1690 aliquando
1245 1629 1518 1675 maturum
1552 1620 1743 1677 fuisse.
1768 1621 1877 1677 Sed

302 1724 519 1763 omnem
579 1710 942 1779 pervicaciam
1003 1710 1247 1766 retundit
1295 1712 1455 1767 editae
1501 1711 1571 1767 ab
1617 1711 1879 1766 Israelitis

304 1797 628 1864 Palaestinae,
689 1816 754 1857 ac
793 1802 1103 1858 transmissi
1159 1801 1418 1859 Iordanis
1461 1782 1713 1869 historia,
1761 1818 1883 1873 quae

303 1885 470 1944 .losue
503 1904 628 1960 cap.
665 1888 734 1943 lll
763 1899 819 1946 et
856 1891 1227 1962 sequentibus
1250 1893 1587 1948 continetur.

378 2024 740 2081 Transierunt
792 2027 938 2083 enim
990 2026 1287 2083 Jordanem
1354 2034 1599 2097 tempore
1662 2029 1878 2083 messis.

311 2137 331 2169 ι
364 2116 621 2175 Iordanis
676 2127 855 2174 autem
912 2119 1114 2191 (inquit
1159 2134 1306 2174 vers.
1351 2119 1548 2190 capitis
1591 2118 1761 2189 tertii)
1801 2119 1881 2173 ri-

309 2224 409 2278 pas
461 2209 598 2265 alvei
645 2210 729 2265 sui
781 2219 1022 2280 tempore
1073 2212 1272 2266 messis
1305 2210 1647 2280 impleverat.
1686 2229 1705 2261 »
1764 2210 1883 2276 Quo

307 2297 636 2353 transmisso
682 2298 999 2353 circumcisi
1028 2307 1177 2362 sunt,
1224 2305 1279 2353 et
1310 2299 1631 2369 aliquandiu
1677 2298 1884 2355 substi-

309 2395 524 2449 terunt.
571 2389 745 2443 donec
794 2389 1018 2443 vulnera
1071 2395 1435 2455 sanarentur;
1476 2388 1622 2460 (cap.
1691 2387 1775 2453 γ,
1826 2388 1885 2458 8)

308 2488 495 2549 postea
528 2478 736 2534 Pascha
763 2479 1125 2543 celebrarunt,
1152 2496 1170 2530 ι
1191 2487 1385 2549 quarta
1403 2478 1613 2534 decima
1630 2478 1718 2534 die
1735 2494 1854 2533 men
1868 2507 1887 2519 -

309 2570 387 2624 sis
417 2568 484 2622 ad
524 2584 833 2639 vesperam.
872 2588 889 2620 ι
929 2567 1085 2624 Haud
1125 2568 1291 2625 dubie
1319 2584 1387 2626 ex
1430 2568 1599 2624 Mosis
1636 2572 1885 2640 praescri-

310 2669 405 2732 pto
429 2701 446 2727 ,
478 2661 725 2732 adeoque
758 2677 945 2717 mense
975 2663 1173 2732 primo.
1224 2660 1388 2717 Addit
1431 2661 1651 2719 eosdem
1700 2678 1886 2718 come-

309 2754 459 2808 disse
493 2753 561 2808 de
598 2754 848 2823 frugibus
895 2753 1161 2824 postridie
1207 2768 1430 2824 azymos
1476 2769 1649 2824 panes
1692 2761 1747 2809 et
1788 2769 1888 2825 po-

309 2845 544 2913 lentam;
597 2860 662 2900 ac
720 2853 834 2901 tum
887 2861 1089 2900 manna
1136 2845 1427 2907 defecisse.
1475 2862 1600 2901 cum
1650 2847 1886 2918 primum

312 2935 560 3006 frugibus
596 2936 755 2991 novis
809 2936 1132 2993 Chananaeae
1191 2938 1342 2993 vesci
1395 2945 1701 3008 coeperunt.
1751 2936 1888 3005 Quis

315 3034 385 3076 cz
435 3035 502 3075 eo
539 3035 651 3075 non
695 3021 864 3085 videt,
922 3038 1032 3077 non
1061 3022 1226 3077 modo
1254 3029 1498 3078 maturas
1525 3023 1593 3078 ad
1623 3024 1886 3080 vellican-

311 3109 441 3165 dum
466 3121 675 3183 segetes
713 3127 900 3167 mense
933 3115 1110 3183 primo
1138 3112 1333 3179 fuisse,
1372 3113 1469 3170 sed
1492 3116 1656 3170 etiam
1681 3116 1750 3171 ad
1787 3131 1886 3187 pa-

312 3218 439 3259 nem
473 3218 536 3259 ex
569 3204 678 3259 illis
730 3202 1081 3259 faciendum?
1119 3204 1275 3261 Adde
1317 3207 1524 3261 mensis
1560 3207 1738 3277 ipsius
1784 3222 1887 3262 vo-

312 3293 593 3359 cabulum,
630 3295 777 3365 quod
819 3295 962 3352 Abih
1009 3304 1298 3367 prepterea
1351 3296 1560 3352 dictum
1610 3306 1715 3363 est,
1772 3289 1956 3355 siveC

310 3401 604 3451 novorum,
637 3387 709 3442 ob
736 3401 908 3443 novas
952 3389 1141 3457 utique
1183 3386 1391 3460 fruges.
1440 3387 1595 3443 Adde
1643 3387 1899 3446 Theonis.

311 3485 370 3534 et
416 3478 610 3533 lsidori
654 3475 947 3533 Pelusiotae
998 3477 1117 3531 loca
1150 3478 1265 3544 illa,
1320 3492 1442 3549 qua:
1494 3477 1652 3533 initio
1691 3478 1888 3548 capitis

312 3569 663 3636 adduximus,
709 3585 779 3625 et
827 3570 1027 3639 quibus
1061 3576 1307 3640 apparet,
1368 3552 1583 3625 tam.in
1623 3570 1886 3642 lEgypto,

312 3675 480 3731 quam
510 3661 566 3715 in
600 3659 1118 3716 Palaestinamessis
1151 3668 1283 3714 tunc
1308 3661 1542 3730 coepisse
1578 3668 1815 3731 tempus.

386 3789 458 3847 Ut
511 3799 693 3848 autem
743 3808 831 3849 res
875 3793 1183 3849 illustretur
1228 3794 1443 3864 magis,
1492 3794 1605 3850 duo
1642 3796 1888 3866 quaedam

316 3879 671 3948 preponenda
720 3889 869 3936 sunt.
912 3882 1180 3948 Alterum,
1213 3898 1457 3939 mensem
1488 3883 1748 3954 primum,
1792 3901 1905 3941 seu.

317 3983 621 4035 novorum,
672 3972 897 4028 minime
948 3974 1093 4044 apud
1158 3971 1389 4031 Iudaeos.
1424 3954 1640 4032 veteres
1688 3984 1890 4032 statum

318 4059 509 4128 fuisse,
535 4076 600 4117 ac
628 4070 779 4118 certo
800 4072 1046 4134 tempore
1072 4064 1331 4121 deﬁxum.
1357 4066 1719 4136 Namfdocent
1769 4083 1891 4123 ma-

317 4152 498 4223 gistri,
547 4169 674 4209 cum
726 4142 978 4225 pluribus
1006 4157 1133 4212 aliis
1175 4157 1243 4214 de
1274 4160 1459 4215 causis
1491 4154 1725 4230 proferri
1755 4175 1891 4216 con-

320 4244 567 4301 suevisse
592 4260 835 4302 mensem
867 4247 1055 4316 illum,
1097 4255 1154 4304 et
1195 4249 1612 4306 intercalatione
1666 4252 1893 4308 submo-

318 4337 473 4403 veri;
505 4344 619 4392 tum
662 4337 733 4393 ob
758 4337 945 4409 fruges
975 4354 1148 4396 novas
1189 4341 1435 4396 nondum
1476 4341 1717 4399 adultas.
1772 4341 1892 4409 Qua

317 4426 387 4484 de
414 4443 474 4484 re
512 4427 633 4485 fuse
664 4429 846 4500 agitur
888 4431 945 4483 in
978 4427 1316 4487 Ialmudieis
1353 4430 1612 4502 Digestis,
1662 4441 1717 4487 et
1745 4432 1890 4501 apud

318 4519 387 4575 Β.
430 4520 635 4578 Mosem
677 4520 1065 4577 Maimoniden.
1126 4521 1264 4577 Tum
1306 4523 1459 4579 Aben
1500 4522 1637 4578 Ezra
1667 4524 1724 4578 in
1766 4539 1887 4595 cap.

1972 701 2105 757 scha
2130 696 2463 756 celebratum
2492 710 2599 756 est.

2041 792 2310 847 Pra:terea
2350 790 2634 846 sciendum
2682 799 2791 854 est,
2842 789 3178 845 maturitatis
3207 789 3262 845 in
3294 788 3544 862 frugibus

1970 883 2197 954 gradum
2228 898 2353 937 esse
2392 882 2685 952 duplicem.
2714 883 2833 936 Aut.
2854 882 3002 938 enim
3026 891 3238 936 matura
3262 898 3417 953 seges
3459 891 3547 939 est

1972 974 2041 1027 ad
2068 973 2259 1029 falcem
2289 993 2303 1028 :
2345 974 2490 1045 quod
2521 982 2740 1044 tempus
2784 973 3002 1030 Marcus
3031 975 3366 1046 evangelista
3418 991 3543 1048 cap.

1973 1063 2064 1129 IV,
2100 1064 2171 1119 29
2213 1063 2469 1120 obscuris
2528 1064 2708 1119 verbis
2738 1063 2966 1129 indicat,
3007 1077 3128 1133 quae
3159 1064 3333 1117 obiter
3377 1063 3550 1132 expli-

1974 1158 2150 1212 canda
2199 1155 2560 1211 sunt:"01:av
2605 1155 2662 1208 δὲ
2709 1152 2936 1225 παρα.δῷ
2989 1154 3017 1207 ὁ
3049 1151 3282 1224 καρπὸς,
3347 1152 3549 1216 εὐθέως

1973 1248 2289 1303 ἀποστέλλει
2313 1247 2372 1301 τὸ
2399 1246 2682 1318 δρέπανον.
2726 1244 2902 1316 Vulgo
2943 1245 3024 1301 sic
3049 1244 3345 1315 accipiunt,
3393 1245 3550 1315 quasi

1979 1339 2228 1412 παραδῷ,
2275 1341 2369 1405 sit,
2426 1357 2445 1391 ι
2486 1337 2788 1408 prodiderit
2820 1352 2898 1400 se.
2934 1356 2953 1390 ι
3003 1344 3058 1393 et
3086 1338 3336 1392 absolute
3365 1352 3554 1391 suma-

1978 1441 2111 1486 tur:
2160 1430 2305 1501 quod
2351 1436 2443 1486 est
2469 1427 3012 1486 inusitatum.Malim
3059 1428 3141 1483 sic
3181 1427 3551 1498 interpretari,

1984 1542 2002 1574 ι
2042 1538 2164 1577 cum
2215 1521 2564 1593 permiserint
2630 1519 2849 1588 fruges,
2894 1538 2914 1571 ι
2969 1518 3025 1574 id
3074 1527 3180 1584 est,
3234 1534 3361 1574 cum
3394 1519 3553 1589 plena

1982 1612 2304 1667 maturitate
2347 1624 2619 1666 messores
2665 1610 2899 1663 invitare
2950 1608 3237 1680 cmperint.
3286 1606 3555 1677 Vulgatus

1981 1703 2255 1774 interpres
2288 1717 2400 1757 non
2430 1710 2542 1755 tam
2573 1700 2736 1757 verba
2769 1715 2931 1770 quam
2971 1699 3300 1755 sententiam
3332 1713 3556 1767 expres-

1981 1796 2073 1850 sit.
2106 1793 2495 1863 Conjecturam
2545 1801 2792 1848 nostram
2834 1792 3059 1862 adjuvat
3086 1790 3552 1862 Theophylactus,

1980 1884 2075 1955 qui
2105 1884 2186 1940 sic
2214 1884 2461 1955 exponit,
2493 1890 2586 1937 aut
2608 1882 2735 1955 legit
2761 1901 2774 1936 :
2805 1880 3009 1943 ὅτακιδὲ
3038 1878 3265 1952 παραδῷ
3285 1877 3348 1932 τὸ
3378 1878 3552 1949 θέρος.

1912 1947 2160 2043 BQuod,
2196 1976 2311 2031 nisi
2337 1984 2396 2029 ut
2425 1989 2528 2030 nos
2565 1971 2818 2040 fecimus,
2847 1972 3122 2042 explicare
3153 1984 3416 2042 nequeas.
3448 1969 3559 2024 Aut

1983 2067 2150 2138 igitur
2178 2067 2338 2137 plena
2369 2067 2429 2121 in
2477 2064 2728 2136 frugibus
2772 2064 3061 2119 maturitas
3104 2062 3212 2118 ista
3242 2069 3554 2132 spectatur;

1983 2170 2077 2212 aut
2109 2157 2287 2213 adhuc
2312 2157 2505 2212 viridis
2536 2164 2621 2212 est
2648 2166 2755 2211 tam
2784 2156 2935 2227 spica
2958 2170 3119 2226 quam
3145 2170 3329 2210 semen
3356 2153 3553 2223 ipsum,

1982 2247 2057 2302 ita
2085 2254 2267 2302 tamen
2295 2254 2355 2301 ut
2383 2246 2501 2302 esui
2537 2254 2828 2315 utrumque
2861 2245 2935 2300 sit
2968 2252 3176 2316 aptum,
3206 2258 3272 2299 ac
3312 2241 3558 2298 vellicari

1983 2339 2357 2411 destringique
2394 2340 2599 2410 'possit.
2651 2339 2766 2393 lmo
2822 2339 3049 2403 suavius
3097 2345 3186 2392 est
3242 2351 3343 2393 esu
3373 2335 3556 2390 virens

1985 2431 2184 2497 adhuc,
2214 2439 2268 2487 et
2290 2432 2453 2487 molle
2483 2431 2748 2494 triticum,
2777 2445 2941 2500 quam
2985 2428 3276 2493 torridum,
3305 2436 3362 2484 et
3388 2425 3557 2483 messi

1984 2523 2314 2594 proximum.
2354 2523 2412 2577 ln
2447 2521 2688 2578 Sabbato
2740 2522 2834 2577 illo
2883 2521 3295 2591 deuterOproto,
3348 2519 3419 2574 de
3446 2532 3558 2589 quo

1985 2629 2166 2671 sermo
2190 2613 2349 2670 nobis
2376 2619 2481 2680 est,
2505 2620 2733 2667 maturae
2759 2626 2871 2666 non
2917 2610 2986 2665 ad
3012 2625 3167 2666 esum
3190 2617 3420 2670 tantum,
3460 2607 3556 2661 sed

1986 2704 2055 2758 ad
2086 2718 2320 2760 messem
2346 2716 2564 2773 quoque
2587 2709 2798 2772 segetes
2832 2699 3071 2756 fuerunt.
3102 2698 3234 2752 Erat
3264 2697 3406 2753 enim
3439 2697 3572 2751 dies

1985 2795 2190 2866 Aprilis
2212 2810 2369 2850 χχιιι.
2397 2793 2537 2849 Aliis
2567 2792 2924 2863 temporibus,
2965 2788 3185 2861 quando
3224 2788 3435 2844 Pascha
3473 2789 3557 2840 ci-

1987 2886 2097 2942 tius
2133 2884 2436 2950 accidehat,
2473 2882 2810 2938 hordeaceus
2863 2880 3174 2951 manipulus
3206 2877 3558 2940 oﬂ'erebatnr,

1987 2988 2082 3032 aut
2128 2976 2386 3032 viridium
2425 2974 2604 3030 adhuc
2640 2974 2813 3028 tritici
2838 2973 3132 3044 spicarum.
3175 2969 3364 3026 Utrius
3389 2984 3556 3041 gene-

1986 3070 2067 3127 ris
2104 3069 2276 3140 spicis
2327 3073 2607 3123 constaret
2653 3064 2819 3121 Omer
2864 3065 3150 3135 Scriptura
3200 3078 3310 3117 non
3348 3061 3581 3116 defluit..

1987 3160 2255 3229 Quocirca
2310 3161 2473 3230 justae
2511 3158 2809 3229 suspicioni
2829 3157 2986 3213 locus
3010 3163 3114 3217 est,
3143 3154 3451 3225 promiscue
3481 3152 3562 3206 al-

1989 3261 2261 3308 terutrum
2301 3248 2486 3305 offerri
2528 3246 2611 3303 fas
2642 3246 2832 3310 fuisse,
2867 3254 3032 3316 prout
3071 3242 3334 3298 utriusvis
3378 3247 3559 3294 matu-

1987 3345 2134 3400 ritas.
2167 3343 2225 3398 in
2281 3342 2582 3414 legitimum
2637 3340 2783 3395 diem
2828 3336 3139 3392 incidisset.
3191 3332 3327 3388 Nam
3380 3346 3558 3401 neque

1988 3436 2172 3508 plena,
2204 3433 2633 3489 et»ad..messem.
2651 3430 2846 3485 idonea
2873 3426 3165 3483 maturitas
3194 3422 3585 3495 exspectaba-.

1986 3536 2100 3591 tur,
2158 3540 2337 3597 neque
2380 3530 2567 3577 tamen
2603 3520 2820 3575 lactens
2839 3517 3018 3572 adhuc
3063 3529 3251 3571 semen
3299 3512 3366 3567 ad
3396 3510 3588 3566 Omen

1987 3617 2366 3681 adhibebatur,
2396 3614 2490 3671 sed
2525 3614 2719 3670 saltem
2750 3610 2943 3666 viride.
2990 3607 3061 3662 At
3100 3621 3224 3661 cum
3273 3604 3435 3676 paulo
3477 3604 3557 3657 ci-

1987 3711 2098 3767 tius
2119 3708 2331 3764 Pascha
2360 3708 2721 3777 contingeret,
2751 3717 2914 3773 quam
2955 3699 3021 3755 ad
3054 3697 3384 3754 oblationem
3417 3696 3589 3750 triti»

1989 3815 2120 3855 ceus
2160 3797 2458 3853 fasciculus
2487 3795 2797 3865 comparari
2833 3797 3040 3862 posset,
3087 3787 3418 3845 succidanea
3443 3794 3585 3842 erat.

1990 3890 2187 3946 messis
2209 3890 2538 3952 hordeacea,
2569 3895 2757 3957 utpote
2786 3882 3105 3955 praecocior.

1988 4022 2005 4038 .
2056 3979 2343 4035 Postremo
2367 3993 2478 4033 non
2505 3976 2722 4032 videtur
2746 3972 3101 4028 interdictum
3138 3968 3245 4024 ulla
3300 3967 3417 4038 lege
3462 3965 3562 4023 πει-τ

1989 4070 2142 4138 (ἱεὶς,
2170 4086 2243 4127 ne
2288 4079 2413 4126 ante
2442 4068 2691 4125 oblatum
2733 4063 3075 4134 manipulum
3119 4073 3354 4116 messem
3408 4058 3560 4113 face-

1990 4171 2133 4228 rent,
2157 4162 2321 4218 etiam
2366 4160 2748 4216 hordeaceam.
2781 4157 2896 4211 lmo
2925 4162 3050 4210 ante
3079 4151 3276 4208 factam
3306 4167 3447 4217 esse,
3477 4151 3583 4204 10--

1990 4271 2094 4312 cus
2131 4256 2223 4311 ille
2268 4238 2496 4311 Levitici
2525 4248 2712 4318 χχιιι,
2748 4248 2833 4313 ιο,
2875 4246 3261 4302 demonstrat:
3298 4241 3432 4299 Cum
3478 4243 3564 4295 εη.

1989 4349 2156 4420 gressi
2187 4348 2395 4418 fueritis
2423 4356 2641 4413 terram,
2669 4360 2826 4414 quam
2854 4359 2947 4413 ego
2979 4339 3116 4393 dabo
3137 4334 3302 4400 vobis,
3341 4346 3391 4391 et
3422 4352 3560 4389 mes-

1991 4440 2207 4495 suert'tis
2262 4445 2505 4509 segetem,
2541 4435 2718 4507 feretis
2762 4430 3065 4501 manipulos
3115 4429 3406 4497 spicarum,
3451 4434 3587 4483 etc..

1992 4532 2148 4599 Quod
2179 4540 2364 4586 tamen
2406 4544 2521 4584 non
2554 4533 2845 4599 perpetuo,
2901 4522 2996 4578 sed
3042 4519 3315 4577 interdum
3338 4519 3560 4583 accidit,

318 4609 415 4665 ΧΠ
454 4610 623 4667 Ειοάί
671 4613 920 4684 Pluribus
969 4613 1108 4668 idem
1155 4613 1411 4684 explicat:
1462 4614 1557 4670 “bi
1611 4614 1753 4670 ίηῑθτ
1784 4615 1967 4681 alial)
1995 4624 2293 4682 secundum
2345 4639 2405 4679 ea
2459 4636 2581 4693 quae
2629 4620 2796 4692 paulo
2841 4625 2969 4675 ante
3016 4616 3275 4672 diximus.
3323 4613 3469 4670 ldem
3508 4621 3586 4671 et.

317 4705 532 4770 scribit,
583 4705 720 4760 nihil
755 4706 823 4761 de
870 4705 1050 4760 lunari
1098 4720 1286 4761 mense
1317 4707 1386 4762 ab
1414 4706 1723 4779 legislatore
1759 4722 1897 4761 caus

318 4806 434 4863 tum
484 4813 649 4865 esse;
688 4798 783 4854 sed
804 4798 915 4853 hoc
950 4814 1120 4853 unum
1159 4800 1506 4870 praecepisse,
1551 4805 1612 4853 ut
1672 4800 1726 4854 in
1770 4800 1892 4869 ipso

318 4902 585 4943 novarum
617 4887 832 4959 frugum
871 4902 1061 4943 mense
1088 4886 1301 4943 Pascha
1340 4888 1703 4944 celebrarent.
1743 4887 1907 4955 Quo—.

317 4981 466 5036 circa
502 4995 603 5052 pro
629 4996 695 5037 eo
737 4988 902 5051 atque
933 4979 1120 5050 fruges
1168 4980 1346 5035 citius.
1386 4988 1481 5034 aut
1522 4981 1731 5035 tardius
1769 4995 1891 5036 ere-
1950 4990 1953 4993 '

317 5073 526 5130 vissent
547 5114 565 5139 ,
597 5075 673 5128 ita
702 5073 883 5129 serius
909 5072 1134 5127 ociusve
1177 5073 1415 5142 primum
1448 5072 1584 5129 illos.
1623 5073 1891 5129 indixisse

317 5178 561 5220 mensem
582 5205 598 5230 ,
632 5181 698 5222 ac
725 5180 1116 5235 nonnunquam
1151 5181 1327 5220 annos
1359 5164 1718 5221 intercalares
1749 5166 1888 5223 duos

318 5256 690 5311 continuasse.
723 5256 869 5311 Sane
920 5256 1065 5326 quod
1101 5256 1168 5311 ad
1228 5272 1352 5312 eum
1405 5270 1609 5311 annum
1655 5263 1890 5328 spectat,

318 5348 380 5402 in
409 5361 569 5416 quem
610 5345 909 5403 Sabbatum
956 5348 1093 5404 illud
1147 5347 1601 5418 deuteroproton,
1652 5361 1764 5417 quo
1821 5347 1892 5405 de

318 5438 521 5510 agitur,
551 5437 765 5505 incidit,
815 5440 911 5510 qui
946 5439 1050 5495 fuit
1088 5439 1367 5512 κηρύξεως
1399 5441 1635 5511 primus,
1663 5456 1899 5496 neome--

318 5529 412 5584 nia
439 5526 725 5584 Paschalis
751 5528 955 5600 Aprilis
979 5545 1018 5584 ιι
1054 5530 1355 5600 contigisse
1371 5529 1607 5593 videtur,
1637 5529 1772 5586 feria
1788 5545 1889 5597 vn,

318 5619 497 5693 prima
552 5619 669 5675 dies
703 5635 1015 5692 azymorum
1050 5622 1253 5691 Aprilis
1287 5638 1399 5686 xVI,
1450 5621 1579 5676 feria
1623 5637 1723 5676 vn.
1778 5623 1889 5677 Ita—

319 5730 428 5786 que
459 5712 760 5769 Sabbatum
799 5713 1223 5784 deuteroproton
1259 5715 1313 5769 in
1351 5731 1485 5770 χχιιι
1514 5700 1656 5770 diem
1685 5716 1890 5786 Aprilis

319 5804 576 5868 incurrit,
610 5805 701 5876 qui
732 5814 961 5875 quartus
990 5813 1071 5869 est
1101 5806 1170 5860 ab
1207 5820 1273 5860 eo
1316 5822 1474 5875 quem
1528 5805 1887 5877 Vergiliarum

320 5900 492 5964 ortui,
521 5906 577 5953 et
616 5897 769 5954 initio
806 5900 999 5954 messis
1017 5896 1164 5954 Theo
1196 5878 1444 5965 pra-linit.
1476 5898 1540 5954 At
1570 5912 1713 5955 anno
1746 5898 1887 5960 ipso.

1992 4717 2059 4773 de
2102 4716 2427 4773 Pentecoste
2455 4714 2616 4770 debet
2671 4726 2796 4768 esse
2834 4709 3138 4782 judicium;
3175 4706 3326 4762 nullo
3362 4721 3565 4776 prame-

1992 4790 2086 4879 pto
2109 4808 2335 4863 vetitum
2371 4803 2583 4860 Iudaeis.
2603 4817 2745 4867 esse,
2775 4816 2843 4855 ne
2866 4805 2993 4853 ante
3030 4796 3230 4853 festum
3256 4796 3359 4850 hoc
3393 4795 3565 4865 frugi-

1990 4899 2094 4954 bus
2126 4898 2284 4953 novis
2324 4912 2386 4951 ac
2417 4894 2651 4966 panibus
2674 4892 2853 4948 exbis
2881 4886 3151 4945 confectis
3179 4896 3583 4948 vescerenlur;

1992 4987 2139 5061 quod
2190 4985 2465 5057 opinionis
2511 4981 2752 5037 fautores
2791 4978 3083 5034 contrariae
3131 4987 3393 5033 sumunt:
3432 4976 3562 5044 quin

1994 5080 2182 5153 potius
2216 5078 2271 5133 id
2302 5083 2464 5132 antea
2497 5074 2582 5131 fas
2617 5073 2805 5139 fuisse,
2835 5071 3079 5126 declarat
3102 5067 3333 5124 historia
3366 5066 3564 5137 capitis

1991 5171 2140 5228 tertii
2195 5180 2248 5226 et
2304 5168 2482 5239 quinti
2536 5165 2738 5228 Josue,
2797 5178 2960 5234 quam
3018 5161 3328 5217 citavimus.
3377 5157 3566 5228 Neque

1946 5261 2361 5337 pprimitiarum
2424 5257 2751 5312 vocabulum
2810 5255 2864 5308 id
2933 5258 3196 5324 perpetuo
3248 5249 3561 5320 signiﬁcat,

1992 5351 2138 5424 quod
2174 5350 2417 5408 omnium
2441 5349 2675 5419 primum
2706 5351 2811 5410 est,
2848 5352 2903 5399 et
2936 5349 3061 5397 ante
3088 5339 3236 5411 quod
3266 5339 3474 5393 nullum
3507 5338 3561 5392 in

1992 5456 2097 5496 usu
2154 5438 2299 5504 fuit;
2351 5435 2448 5492 sed
2502 5433 2774 5490 interdum
2837 5431 3163 5501 simpliciter
3208 5444 3308 5500 pro
3367 5442 3562 5497 quavis

1993 5525 2291 5586 oblatione,
2315 5523 2399 5577 vel
2418 5536 2478 5576 re
2508 5520 2576 5575 ad
2597 5520 2859 5574 honorem
2877 5515 2972 5570 Dei
2991 5514 3231 5586 seposita
3249 5527 3313 5568 ac
3336 5513 3561 5576 selecta,

1992 5628 2055 5675 ut
2069 5614 2425 5681 Exod.XXV,
2450 5614 2506 5681 2,
2522 5622 2577 5670 et
2606 5608 2825 5674 XXXV,
2842 5609 2876 5663 5
2899 5608 3033 5664 et2|
3062 5624 3078 5671 ;
3118 5606 3341 5661 Numer.
3366 5603 3587 5667 XXXIL

1992 5711 2080 5768 29.
2136 5710 2318 5776 Quare
2352 5705 2571 5761 tametsi
2627 5702 2886 5775 primitivi
2942 5713 3112 5771 panes
3158 5698 3213 5752 in
3246 5697 3566 5752 Pentecoste

1992 5803 2161 5858 oblati
2217 5797 2712 5863 fuerint,'minime
2757 5810 2820 5848 ex
2858 5808 2923 5848 eo
2965 5790 3213 5861 sequitur
3239 5803 3409 5844 novas
3440 5795 3565 5840 ante

1995 5897 2097 5952 hoc
2132 5902 2348 5952 tempus
2389 5890 2573 5951 fruges
2624 5902 2730 5943 non
2763 5887 3011 5946 attigisse
3043 5882 3280 5948 Judaees.
3319 5877 3475 5940 Quod
3510 5878 3589 5935 in.
