4022 6398
570 448 595 505 Ι
606 448 712 506 395

1549 446 1639 499 AD
1682 443 1944 501 EUSEBII
1982 443 2376 502 CHBONICON
2410 443 2772 502 APPE’NDIX.

3647 451 3760 508 1396

568 560 989 618 Commentariis
1021 561 1138 616 suis
1163 560 1376 616 erudite
1400 559 1719 618 Bonl’rerius
1746 571 1932 618 noster
1953 563 2138 619 obser-
2162 566 2204 623 Α
2233 561 2543 626 oﬂ‘erretur,
2566 559 2785 632 quando
2821 557 2998 616 serius
3025 557 3234 614 Pascha
3269 560 3618 632 contingeret.
3643 563 3758 622 Idem

568 660 659 706 vat
694 671 706 706 :
741 653 830 706 cui
881 650 1054 717 idem,
1113 650 1259 722 quod
1315 651 1369 705 in
1414 659 1648 707 mentem
1700 653 1834 708 mihi
1891 660 2134 718 venerat,

567 743 840 814 placuisse
869 743 1043 812 prius,
1078 743 1316 798 maximo
1348 758 1466 798 sum
1495 759 1660 812 opere
1687 745 1929 814 gavisus.

639 833 775 888 Hinc
805 834 916 892 illa.
953 849 1071 903 quae
1098 841 1292 887 contra
1346 849 1446 890 nos
1479 835 1643 888 allata
1693 845 1844 901 sunt,
1879 835 2135 890 universa

569 927 874 979 solvuntur.
905 925 962 978 Si
993 940 1088 994 per
1123 939 1436 993 azymorum
1471 925 1609 990 dies,
1661 927 1940 996 inquiunt,
1973 927 2139 997 spicae

567 1015 764 1070 messis
793 1014 1104 1070 hordeaceae
1136 1015 1314 1070 adhuc
1336 1015 1606 1080 virebant,
1625 1016 1864 1071 triticum
1895 1018 2136 1072 nondum

568 1118 842 1161 maturum
868 1123 992 1164 esse
1027 1109 1223 1178 potuit.
1252 1107 1668 1178 Respondemus
1696 1149 1710 1173 ,
1747 1110 1988 1165 virentes
2025 1110 2138 1180 spi-

566 1215 660 1254 cas
684 1200 772 1256 hic
801 1201 943 1256 sumi
975 1205 1074 1271 pro’
1105 1200 1438 1264 recentibus,
1461 1215 1571 1254 non
1603 1203 1818 1272 penitus
1846 1201 2134 1265 viridibus,

566 1298 620 1344 et
649 1290 976 1348 immaturis.
1012 1291 1145 1346 Nam
1169 1291 1434 1348 Hebraice
1460 1301 1544 1348 est
1568 1292 1738 1348 Levit.
1771 1308 1833 1354 ll,
1869 1293 1956 1357 14,
1999 1301 2138 1353 3’18

566 1365 680 1463 ηῆρ
735 1383 882 1450 spica
926 1398 1142 1446 recens,
1195 1395 1362 1445 tosta,
1414 1391 1468 1438 et
1737 1395 1846 1444 271:
1901 1386 2136 1438 triticum

565 1482 837 1526 contusum
873 1476 1030 1542 spica:
1057 1474 1241 1541 plenas.
1294 1477 1368 1528 Ita
1402 1473 1468 1528 IV
1514 1473 1644 1546 Reg.
1680 1492 1751 1539 Iv,
1784 1475 1872 1531 42.
1925 1475 2137 1530 Carmel

566 1564 887 1631 frumentum
930 1583 1117 1620 novum
1147 1567 1308 1622 vertit
1358 1569 1644 1637 interpres.
1681 1567 1789 1622 Nec
1829 1576 1913 1622 est
1940 1567 2137 1622 absur-

563 1654 718 1718 dum,
757 1671 866 1725 quo
896 1663 1138 1726 tempore
1169 1658 1389 1712 metitur
1425 1658 1710 1720 hordeum,
1757 1658 2001 1714 triticeas
2027 1659 2138 1727 spi-

565 1761 680 1806 ras,
709 1747 755 1802 si
784 1747 962 1804 minus
995 1748 1062 1803 ad
1093 1764 1350 1814 messem,
1385 1758 1535 1805 certe
1560 1749 1629 1804 ad
1660 1748 1993 1805 vescendum
2023 1762 2136 1801 ma-

565 1843 622 1890 tu
631 1853 718 1893 ras
749 1854 890 1894 esse.

633 1927 906 2000 Josephus
951 1931 988 1984 l.
1033 1930 1100 1985 Ill
1141 1930 1315 2002 στερη
1340 1946 1460 2002 cap.
1502 1930 1550 1984 Χ
1579 1932 1783 1987 sentire
1820 1931 2034 1988 videtur
2067 1950 2134 1990 ex

566 2018 867 2078 hordeacea
899 2038 1076 2079 messe
1127 2023 1491 2094 primitiarum
1527 2023 1770 2078 oblatum
1801 2039 1926 2080 esse
1960 2027 2136 2080 mani-

566 2111 775 2182 pulum.
803 2111 910 2169 Sed
941 2115 1077 2170 nihil
1107 2114 1212 2170 boc
1239 2115 1420 2170 obstat
1461 2115 1594 2185 quin
1628 2130 1697 2170 ex
1729 2114 1852 2171 aliis
1886 2115 2135 2188 frugibus

2239 669 2404 725 porro
2459 652 2705 722 subjicit,
2745 652 2814 706 ab
2859 649 3043 705 oblato
3081 650 3358 720 manipulo
3381 652 3588 722 publice
3612 657 3759 726 priva-

2238 745 2445 813 timque
2487 750 2690 798 metere
2748 740 2971 796 licuisse
3009 759 3023 794 :
3061 740 3154 792 καὶ
3192 741 3313 793 τότε
3355 741 3534 794 λοιπὸν
3566 742 3761 815 δημοσίᾳ

2238 833 2412 901 ἔξεστι
2441 835 2593 896 πᾶσι,
2631 833 2726 886 καὶ
2757 832 2863 903 ἰδίᾳ
2886 829 3119 902 Θερίξειν
3139 870 3155 895 ,
3179 833 3336 900 quasi
3367 831 3419 886 id
3452 840 3573 887 ante
3599 850 3693 888 non
3717 837 3761 890 ii-

2239 925 2434 980 cuerit.
2469 924 2574 979 Sed
2604 923 2768 990 hujus
2797 923 2874 978 rei
2910 923 3120 976 nullum
3153 923 3209 975 in
3241 922 3413 976 sacris
3439 922 3588 978 libris
3615 934 3761 979 exstat

2239 1017 2614 1073 interdictum.
2643 1016 2753 1072 Nos
2783 1023 2964 1069 autem
2987 1013 3056 1068 de
3094 1014 3293 1084 priscis
3321 1011 3620 1069 Iudaeorum
3654 1024 3765 1070 tem-

2238 1110 2488 1181 poribus,
2513 1124 2623 1164 non
2645 1108 2866 1178 Iosephi
2909 1115 3068 1161 aetate
3089 1106 3382 1175 loquimur.
3426 1106 3583 1176 Atqui
3599 1109 3672 1163 vel
3710 1126 3758 1164 ex

2237 1202 2343 1257 hoc
2373 1202 2492 1273 ipso
2541 1201 2786 1271 ejusdem
2831 1199 3080 1255 historici
3121 1199 3241 1252 loco
3269 1197 3493 1253 evidens
3543 1207 3639 1257 est.
3682 1202 3762 1254 sub

2237 1294 2448 1350 Pascha
2487 1311 2719 1351 messem
2765 1293 3050 1363 in‘Judaaa
3100 1304 3375 1362 peractam
3410 1316 3423 1348 :
3463 1295 3602 1364 quod
3635 1295 3761 1350 nobis

2239 1390 2374 1446 satis
2409 1397 2514 1446 est.
2545 1387 2702 1452 Nam,
2739 1388 2786 1443 si
2816 1395 2940 1458 post
2969 1387 3260 1442 delibatam
3315 1388 3582 1442 oblatione
3622 1387 3761 1441 mani-

2237 1482 2350 1552 puli
2381 1491 2636 1552 segetem,
2668 1488 2871 1536 metere
2904 1479 2986 1534 fas
3027 1479 3164 1543 fuit,
3194 1495 3324 1551 ergo
3347 1489 3570 1535 maturae
3591 1480 3686 1549 jam
3709 1480 3758 1533 ad

2238 1576 2470 1629 messem
2517 1579 2674 1628 erant
2713 1582 2946 1644 segetes,
2970 1573 3134 1627 etiam
3164 1573 3410 1637 triticea,
3473 1582 3625 1641 atque
3668 1573 3760 1625 ista

2238 1664 2432 1719 saltem
2475 1663 2543 1718 ad
2595 1679 2774 1719 esum.
2832 1663 2986 1719 Unde
3032 1663 3329 1718 Saliba'tum
3377 1665 3758 1735 deuterOproton

2238 1754 2472 1824 septimo
2502 1754 2572 1808 ab
2603 1755 2881 1810 oblatione
2911 1756 3173 1826 manipuli
3217 1755 3304 1811 die
3347 1757 3647 1827 contigisse,
3681 1757 3756 1809 mi-

2237 1847 2384 1901 nime
2407 1861 2474 1900 ex
2495 1860 2561 1901 eo
2592 1845 2650 1898 tit
2676 1845 2998 1910 absurdum,
3030 1845 3176 1916 quod
3207 1854 3322 1902 tum
3351 1847 3585 1902 virentes
3611 1847 3756 1917 spicas

2240 1937 2496 1994 manibus
2551 1937 2669 1993 suis
2718 1938 2952 2008 apostoli
3005 1937 3382 1994 det‘ricarent:
3437 1940 3574 2010 quod
3604 1947 3754 1993 contra

2237 2027 2722 2098 reprehensionem
2770 2044 3032 2100 nuperam
3083 2032 3424 2100 propositum
3471 2037 3581 2086 erat
3613 2037 3755 2085 osten-

2237 2118 2387 2174 dere.

575 2278 3742 2319 mm

741 2451 942 2578 DE
1037 2449 1952 2583 GBZECOBUM
2044 2455 2456 2586 IERIS
2554 2459 2750 2590 AC
2834 2463 3620 2598 COMPUTIS

1784 2704 2621 2816 DlSSERTATIO.

1362 2885 1651 2954 (Dionysius
1689 2883 1946 2943 Plnvms,
1974 2881 2042 2933 De
2073 2877 2296 2931 doctrina
2326 2888 2613 2950 temporum,
2634 2893 2671 2938 t.
2697 2887 2785 2954 II],
2807 2904 2858 2955 p.
2886 2891 3019 2956 153.)

1140 3102 1446 3166 CAPUT
1494 3106 1554 3166 ῐ.

566 3219 644 3278 Ds
669 3221 867 3288 triplici
897 3217 1200 3276 ercorum
1246 3237 1375 3282 tera,
1414 3237 1530 3289 quae
1566 3219 1634 3272 ad
1680 3218 2133 3289 duas__redigitur.

2312 3103 2524 3161 Etenim
2557 3115 2962 3179 computorum,
2997 3111 3112 3166 sive
3144 3111 3252 3164 τῶν
3283 3113 3502 3184 tipatam
3531 3111 3748 3166 annalium

2240 3195 2531 3254 diversitas
2574 3199 2628 3253 in
2681 3216 2746 3255 eo
2792 3203 3033 3272 ponitur,
3070 3211 3128 3258 ut
3159 3205 3211 3257 in
3257 3220 3432 3258 unum
3475 3211 3525 3258 et
3558 3203 3747 3258 eumdem

641 3264 1321 3364 illustratueranodorvi
1354 3264 1739 3364 Clironologia.
1791 3264 2085 3350 Maxinius,
2165 3264 2210 3324 (ἶ
2241 3301 2466 3352 annum,
2495 3304 2595 3343 cett
2633 3304 2978 3347 communem
3010 3295 3330 3358 terminum,
3377 3295 3607 3364 dispares
3641 3305 3749 3345 sum-

637 3360 884 3431 Georgius
922 3359 1218 3431 Synceltus,
1257 3359 1838 3430 Tlteophanes,’aliique
1865 3367 2139 3412 notantur.

636 3476 947 3531 Graecorum
999 3483 1306 3547 computos.
1358 3491 1606 3545 zerasque
1661 3474 1963 3545 praecipuas
2019 3483 2143 3529 esse

568 3575 702 3632 tres,
735 3569 876 3622 inter
903 3567 1150 3622 eruditos
1197 3570 1473 3622 convenit.
1495 3567 1630 3621 Nam
1679 3567 1840 3620 aliam
1891 3581 2013 3621 esse
2057 3566 2137 3620 di-

568 3668 719 3719 cunt,
756 3675 879 3730 quae
917 3660 985 3714 ab
1022 3659 1177 3714 initio
1226 3675 1412 3714 rerum
1458 3659 1525 3712 ad
1578 3658 1786 3713 Christi
1827 3657 1882 3711 in
1924 3665 2138 3712 uterum

569 3749 809 3818 Virginis
853 3749 1169 3814 adventum,
1217 3759 1310 3804 aut
1359 3750 1591 3803 natalem
1637 3762 1810 3803 annos
1858 3753 2141 3816 computat

568 3842 730 3903 5495,
786 3842 968 3904 aliam,
1027 3856 1146 3910 qua:
1193 3855 1366 3894 annos
1414 3847 1666 3894 numerat
1717 3839 1877 3902 5501,
1921 3840 2140 3892 tertiam

569 3948 690 4006 qua:
721 3932 860 3987 5509
889 3931 1196 3986 constituit.
1242 3930 1479 3984 Primam
1511 3931 1906 3984 Antiochenam
1955 3930 2141 3999 appel-

571 4026 685 4077 lant
718 4023 904 4093 aliqui,
933 4023 1228 4078 secundam
1261 4019 1646 4091 Aithiopicam,
1676 4022 1889 4076 tertiam
1909 4022 2142 4076 Alexan—

569 4116 804 4170 drinam.
871 4113 1114 4184 Scaliger
1162 4113 1229 4167 ad
1296 4112 1569 4182 Excerpta
1641 4111 1858 4168 Maximi
1909 4114 2139 4182 primam

572 4206 814 4258 nominat
844 4203 1112 4267 lunarem,
1145 4203 1376 4258 mediam
1421 4201 1764 4265 orientalem,
1810 4210 2138 4270 postremam

573 4296 881 4365 paschalem
911 4315 925 4350 :
962 4310 1195 4365 quarum
1233 4295 1657 4364 appellationum
1687 4294 1926 4364 origines
1953 4294 2141 4363 dispu-

570 4395 650 4440 tat
700 4388 858 4441 initio
895 4386 1020 4440 libri
1065 4381 1111 4439 ν
1153 4383 1228 4439 De
1278 4383 1638 4438 emendatione
1683 4395 1991 4452 temporum.
2035 4383 2139 4437 Sed

569 4492 664 4530 eas
710 4492 739 4530 a
783 4476 941 4531 nobis
971 4474 1286 4530 confutatas
1332 4475 1535 4537 habes,
1572 4476 1898 4545 penitusque
1949 4474 2139 4528 convi-

2241 3391 2343 3431 maa
2374 3377 2647 3434 desinant.
2669 3381 2824 3446 Quod
2863 3383 2910 3437 si
2946 3383 3069 3438 aliis
3100 3394 3262 3454 atque
3301 3386 3432 3440 aliis
3462 3383 3605 3439 annis
3631 3381 3746 3437 iidem

2241 3466 2616 3523 inseribantur
2653 3470 2820 3534 tituli,
2866 3486 2978 3525 non
3030 3470 3193 3526 debet
3235 3482 3520 3543 propterea
3557 3471 3748 3524 diversus

2241 3559 2506 3628 appellari
2535 3571 2863 3630 computus;
2892 3563 3038 3633 quod
3073 3564 3138 3617 ad
3187 3564 3589 3635 longinquiores
3621 3570 3746 3614 annos

2242 3650 2419 3718 major
2447 3667 2748 3716 numerus;
2780 3655 2960 3708 minor
2992 3663 3175 3708 autem
3202 3656 3270 3709 ad
3305 3654 3680 3725 prapinquiores
3701 3646 3747 3698 ab

2241 3741 2429 3796 eodem
2463 3745 2641 3813 capite
2685 3744 2883 3800 ductus
2923 3748 3254 3801 extenditur.
3299 3745 3370 3802 Ut
3397 3749 3532 3802 enim
3561 3737 3746 3808 exeinpln

2242 3834 2335 3890 ﬁat
2360 3835 2506 3906 quod
2541 3837 2666 3890 dico
2688 3837 2908 3902 clarius,
2939 3846 3190 3893 sumatur
3220 3839 3291 3892 ab
3321 3839 3454 3894 orbe
3489 3834 3675 3891 condito
3701 3825 3746 3880 ad

2241 3943 2444 3983 annum
2515 3945 2636 3984 mra:
2703 3929 3029 3985 Christiana:
3083 3931 3322 4000 primum
3383 3937 3557 3985 certus
3603 3919 3747 3992 aliquis

2242 4030 2552 4090 computus,
2584 4021 2730 4075 velut
2767 4021 2856 4075 ille
2890 4030 3078 4076 noster
3107 4035 3380 4075 annorum
3423 4019 3570 4074 3985.
3610 4016 3653 4068 in
3686 4025 3750 4065 eo-

2241 4127 2348 4180 que
2378 4113 2611 4168 diversis
2635 4114 2792 4167 annis
2820 4113 3007 4168 eadem
3034 4114 3272 4182 illigctur
3299 4112 3521 4182 epocha,
3550 4106 3747 4162 nimirum

2243 4202 2410 4257 Urbis
2435 4204 2668 4258 condita:
2695 4222 2706 4257 :
2741 4219 2902 4272 quam
2935 4204 3075 4256 alius
3110 4204 3162 4256 in
3195 4217 3262 4256 eo
3287 4218 3432 4256 anno
3471 4200 3659 4267 derigat.
3682 4190 3747 4260 qui

2241 4306 2323 4350 est
2347 4303 2472 4350 ante
2497 4311 2661 4350 teram
2687 4295 3055 4350 Christianam
3075 4294 3216 4356 .754,
3253 4296 3392 4349 alter
3424 4289 3652 4348 tredecim
3681 4298 3749 4334 an-

2241 4389 2329 4444 nis
2354 4395 2576 4458 postea;
2611 4387 2903 4447 Pictorem,
2938 4395 3030 4440 aut
3066 4387 3254 4442 nescio
3287 4401 3445 4457 quem
3477 4385 3672 4436 alterum
3702 4387 3749 4426 ex

2241 4480 2518 4534 veteribus
2544 4487 2821 4534 auctorem
2854 4486 3102 4542 secutus,
3136 4486 3267 4547 puta
3294 4479 3348 4532 in
3377 4493 3440 4530 eo
3468 4473 3552 4542 qui
3579 4471 3641 4525 sit
3661 4471 3750 4518 ante

569 4575 688 4620 etas
734 4567 788 4620 in
835 4581 980 4620 nono
1013 4564 1088 4618 De
1125 4565 1367 4619 doctrina
1412 4577 1703 4634 temporum
1732 4567 1911 4636 capite
1953 4564 2018 4632 V,
2047 4565 2139 4619 ubi
2171 4597 2218 4653 θ
2244 4572 2524 4628 Clu-istum
2559 4572 2681 4626 7.55,
2716 4570 2838 4626 Duo
2872 4572 3038 4641 igitur
3073 4571 3148 4624 illi
3186 4571 3239 4623 in
3290 4570 3476 4625 eadem
3516 4565 3577 4619 ad
3613 4568 3748 4653 ortum

571 4659 704 4712 nihil
756 4659 810 4712 in
848 4659 1120 4728 computis
1162 4659 1284 4713 istis
1325 4658 1528 4712 vidisse
1553 4697 1568 4719 ,
1622 4674 1799 4727 neque
1835 4658 1963 4728 quid
1997 4658 2138 4712 scri-

573 4752 722 4805 lieret
756 4751 1093 4806 intellexisse
1130 4751 1406 4806 hominem
1438 4751 1754 4820 plenissime
1798 4751 2141 4806 demonstra-

571 4845 782 4907 vimus;
808 4859 872 4898 ac
906 4845 1074 4898 multa
1103 4843 1157 4897 in
1184 4859 1300 4898 eam
1325 4858 1440 4897 rem
1470 4843 1848 4912 congessimus
1879 4850 1932 4896 et
1955 4843 2141 4912 ignota

569 4937 733 5007 vulgo
783 4944 838 4991 et
886 4937 1029 4991 scitu
1069 4936 1423 5006 dignissima;
1462 4945 1515 4989 et
1551 4934 1618 4988 ad
1670 4934 1745 4999 id,
1792 4933 1938 5003 quod
1980 4935 2142 4988 modo

569 5031 771 5098 agitur,
809 5028 1056 5098 apprime
1096 5028 1442 5093 necessaria;
1473 5042 1593 5096 quae
1633 5025 1854 5080 minime
1883 5025 1986 5080 hoc
2019 5025 2141 5080 loco

569 5120 858 5188 repetenda
897 5129 1044 5174 sunt.
1073 5118 1191 5174 Non
1244 5133 1416 5187 pauca
1462 5127 1648 5173 tamen
1689 5119 1800 5172 illic
1853 5119 2140 5172 omisimus

571 5213 790 5282 propria
841 5212 1015 5282 magis
1048 5211 1284 5266 instituti
1315 5211 1496 5280 hujus,
1531 5222 1584 5266 et
1622 5211 1897 5280 paschalis
1920 5211 2140 5265 Graeco-

571 5321 692 5358 rum
732 5303 997 5368 methodi,
1029 5318 1192 5372 quam
1221 5302 1290 5357 ad
1318 5303 1672 5358 illustrandos
1703 5302 1940 5363 Maximi,
1969 5301 2141 5356 lsaaci

569 5398 913 5467 aliorumque
943 5404 1250 5466 computos,
1273 5395 1367 5466 qui
1397 5395 1451 5449 in
1468 5395 1786 5450 Auctarium
1814 5397 1968 5451 relati
1991 5403 2138 5451 sunt.

570 5487 930 5540 enarrandam
983 5487 1350 5554 suscepimus,
1419 5485 1577 5554 cujus
1636 5485 1849 5539 initium
1904 5485 2144 5556 disputa-

572 5579 739 5634 tionis
771 5579 840 5633 ab
867 5595 974 5634 aera
1003 5580 1094 5633 illa
1128 5578 1350 5648 triplici,
1398 5587 1451 5633 et
1495 5578 1774 5632 communi
1812 5577 1879 5633 de
1933 5578 2000 5632 iis
2027 5578 2143 5648 opi-

573 5675 737 5726 nione
766 5672 1074 5737 doctorum,
1109 5681 1270 5740 atque
1307 5685 1493 5725 errore
1532 5670 1782 5735 ducetur,
1814 5678 1874 5724 ut
1921 5671 1990 5724 ab
2035 5671 2142 5725 illis

571 5763 779 5818 trustra
828 5765 1122 5818 doceamus
1169 5770 1283 5817 tres
1327 5779 1451 5818 esse
1503 5763 1796 5821 distinctas
1843 5765 2137 5830 hactenus,

575 5872 698 5912 cum
731 5856 840 5911 sint
876 5871 1062 5911 revera
1093 5854 1473 5910 tantummodo
1500 5854 1640 5910 dum.

2242 4663 2446 4719 Christi
2479 4678 2692 4717 summa
2711 4665 3138 4727 consentientes,
3175 4662 3228 4716 in
3257 4661 3416 4715 annis
3441 4666 3601 4712 autem
3616 4651 3750 4704 direr-

2245 4755 2322 4810 sis
2371 4755 2615 4824 ejusdem
2672 4754 2894 4823 epochen
2946 4753 3277 4808 dissidentes
3305 4752 3436 4819 ;,sic
3465 4756 3520 4802 ut
3556 4744 3679 4815 prior
3702 4735 3750 4788 ab

2243 4848 2432 4904 eodem
2477 4846 2666 4901 mundi
2708 4846 2868 4900 initio
2898 4845 2965 4900 ad
2997 4845 3198 4900 Urbem
3247 4843 3516 4899 conditam
3556 4832 3750 4891 numeret

2245 4955 2418 4995 annos
2448 4939 2608 5001 5250,
2641 4941 2799 5001 alter,
2831 4953 3005 4994 annos
3032 4937 3194 5001 3243,
3224 4953 3329 4991 non
3355 4937 3533 5003 utique
3554 4929 3750 4984 diversos

2245 5033 2313 5086 ab
2369 5032 2576 5085 Adamo
2624 5039 2917 5100 computos.
2973 5031 3258 5085 instituere
3322 5029 3600 5083 dicuntur:
3642 5007 3750 5108 quod

2243 5131 2358 5178 tum
2391 5124 2607 5178 demum
2637 5122 2896 5186 facerent,
2943 5121 2989 5176 si
3038 5120 3106 5174 ad
3152 5119 3402 5174 eumdem
3447 5125 3646 5171 annum,
3681 5116 3749 5171 qm

2244 5219 2315 5273 sit
2342 5225 2467 5272 ante
2507 5216 2873 5270 Christianam
2917 5229 3081 5269 atram
3129 5212 3255 5277 754,
3290 5208 3490 5281 periodi
3530 5216 3642 5257 vero
3679 5194 3750 5248 Ju-

2243 5309 2401 5362 liana:
2419 5306 2578 5372 5960,
2607 5307 2742 5359 alter
2768 5306 2837 5359 ab
2869 5303 3074 5358 Adamo
3102 5308 3410 5357 numeraret
3444 5309 3600 5350 annos

2244 5401 2378 5455 alter
2407 5399 2588 5464 ὖὲάὸς
2631 5408 2685 5451 ει
2717 5397 2862 5466 quod
2897 5411 3242 5472 consequens
3275 5400 3377 5456 est,
3410 5390 3494 5443 ille
3536 5383 3596 5439 ad
3627 5378 3747 5434 Chri-

2243 5498 2386 5546 stum
2422 5504 2594 5544 annos
2612 5488 2770 5551 5983,
2799 5488 2900 5541 iste
2930 5484 3092 5540 5996.

2317 5580 2407 5635 Sic
2431 5581 2596 5650 igitur
2619 5590 2732 5634 tres
2768 5579 2892 5634 illos
2923 5580 3234 5633 Graecorum
3262 5582 3552 5644 computos,
3582 5573 3631 5620 ut
3654 5578 3678 5615 a

2243 5674 2489 5729 distincti
2546 5673 2776 5726 invicem
2838 5671 3152 5741 diversique
3204 5671 3345 5732 sint,
3385 5667 3437 5720 in
3489 5673 3636 5716 unum
3674 5651 3747 5704 ali-

2243 5780 2403 5835 quem
2454 5764 2770 5832 conspirare
2824 5762 3116 5815 terminum
3167 5766 3398 5831 oportet,
3456 5755 3516 5808 ad
3561 5754 3748 5839 emunttf

2244 5833 2351 5912 non
2385 5855 2572 5911 eodem
2619 5870 2648 5907 a
2697 5853 2874 5922 capite
2917 5864 2969 5907 et
3007 5852 3231 5907 exordio
3267 5844 3590 5905 descendere:
3632 5833 3746 5889 ΤίδιΞέ
