4022 6398
315 478 340 536 1
353 479 453 535 597

1297 472 1748 530 υιδεῐειιτιιτιο
1787 470 1876 527 DE
1907 469 2315 529 GRECORUM
2355 472 2559 530 ERIS.

3405 475 3540 531 1508

312 605 399 653 est
440 603 620 650 autem
667 593 1071 649 Incarnationis
1120 607 1297 648 annos
1327 593 1593 649 natalisve
1635 592 1876 658 Christi;
1907 591 2188 652 AAdamo
2234 607 2341 647 aera
2393 591 2730 663 perducitur,
2775 591 3024 649 eumdem
3063 606 3185 649 esse
3225 605 3348 647 cum
3398 607 3543 647 anno

311 687 382 742 ad
449 701 611 756 quem
675 683 1010 754 singulorum
1061 697 1286 738 summa:
1317 691 1668 754 pr0pagatur.
1722 682 1880 737 Hune

312 782 562 836 eumdem
614 778 791 833 tribus
840 778 966 832 illis
995 778 1128 834 aeris
1168 777 1528 832 constitutum
1567 793 1691 834 esse
1732 778 1878 833 docti

311 871 393 925 illi
433 869 697 939 suspicati
745 875 892 934 sunt,
930 867 1024 937 qui
1060 883 1152 923 eas
1176 883 1205 921 a
1233 883 1291 922 se
1314 879 1503 922 mutuo
1532 876 1876 938 separarunt.

314 959 422 1017 Sed
453 975 561 1015 non
584 961 657 1014 ita
686 975 745 1015 se
786 975 876 1014 res
909 960 1089 1014 habet.
1118 957 1252 1012 Nam
1283 975 1352 1014 ex
1373 961 1549 1015 tribus
1580 961 1700 1014 duae
1727 969 1875 1025 sunt,

313 1067 434 1123 qua:
479 1053 709 1107 diversis
758 1051 917 1106 annis
970 1052 1068 1122 τὴν
1113 1050 1520 1123 ἐνανθρὼπησιν
1579 1054 1876 1122 assignant,

310 1145 575 1200 videlicet-
591 1144 704 1208 illa,
737 1158 854 1213 quae
879 1157 1050 1197 annos
1079 1143 1239 1208 5495,
1261 1151 1315 1198 et
1344 1159 1464 1214 quae
1485 1143 1618 1198 5501
1649 1143 1876 1214 colligit.

313 1234 487 1292 Unius
546 1249 676 1305 ergo
721 1234 972 1304 computi,
1008 1249 1235 1289 summae
1274 1234 1394 1289 ista;
1441 1233 1563 1288 dure
1601 1242 1753 1299 sunt,
1784 1234 1878 1304 qui

312 1343 440 1382 cum
466 1327 632 1383 tertio
663 1341 933 1380 annorum
962 1325 1102 1382 5509
1140 1327 1372 1382 natalem
1397 1327 1644 1383 eumdem
1672 1327 1877 1384 Christi

314 1419 562 1489 respicit,
595 1426 651 1474 et
679 1417 750 1473 ab
779 1418 870 1472 illo
902 1425 1186 1488 propterea
1211 1417 1338 1487 jure
1362 1418 1737 1488 distinguitur.

383 1508 539 1574 Quod
575 1523 684 1562 non
707 1509 955 1563 eumdem
995 1508 1050 1562 in
1083 1523 1284 1562 annum
1315 1507 1747 1562 lncarnationem
1775 1507 1880 1562 Do-

314 1599 447 1654 mini
485 1599 793 1663 conferant,
826 1600 922 1669 qui
947 1599 1013 1654 ad
1044 1614 1163 1654 eam
1202 1606 1697 1654 numerantrannos
1717 1600 1876 1666 5495,

313 1699 370 1747 et
395 1695 487 1762 qui
514 1692 683 1758 550i;
715 1691 784 1746 iis
831 1707 898 1747 ex
927 1692 1245 1748 auctoribus
1283 1699 1523 1756 constat,
1553 1693 1648 1764 qui
1671 1693 1879 1748 utrius-

314 1797 422 1852 que
493 1782 574 1836 vel
652 1783 986 1848 inventores,
1065 1783 1148 1838 vel
1212 1783 1452 1839 fautores
1532 1786 1874 1840 exstiterunt.

315 1873 560 1928 Priorem
609 1881 926 1942 computum
995 1872 1287 1929 Panodoro
1346 1875 1563 1929 cuidam
1629 1875 1879 1930 inscribit

313 1965 582 2034 Georgius
637 1964 924 2033 Syncellus
955 1966 1226 2020 monacho
1276 1966 1492 2020 erudito
1534 1973 1593 2020 et
1630 1966 1873 2036 antiquo.
1909 1964 1972 1994 "-

313 2054 465 2110 Vixit
491 2057 636 2111 enim
665 2057 1250 2128 Arcadio-imperante,
1281 2067 1336 2112 et
1373 2058 1440 2112 ad
1469 2064 1676 2113 exactae
1713 2059 1878 2113 chro-

313 2147 547 2218 nologiae
590 2147 879 2203 scientiam
924 2163 1084 2202 usum
1132 2149 1359 2219 insuper
1401 2151 1584 2204 attulit
1625 2158 1878 2205 astrono-

315 2239 580 2294 micarum
610 2253 826 2304 rerum;
892 2239 1050 2308 cujus
1102 2240 1157 2294 in
1194 2237 1412 2310 Georgii
1451 2240 1519 2295 de
1563 2240 1656 2295 illo
1689 2255 1882 2300 narra—

311 2331 484 2393 tione,
542 2344 706 2400 quam
775 2329 1024 2400 sequenti
1079 2331 1259 2400 capite
1323 2346 1712 2402 proponemus,
1769 2348 1880 2388 non

311 2420 548 2478 obscura
578 2435 712 2475 sane
743 2421 972 2490 vestigia
1004 2431 1319 2492 supersunt.
1347 2421 1526 2494 Atque
1553 2423 1644 2478 hic
1678 2439 1880 2482 annum

310 2527 439 2570 eum
493 2511 691 2570 Christi
736 2512 1198 2586 ὲνανθρωπήσεως
1253 2530 1479 2570 summae
1522 2531 1635 2570 suae
1673 2519 1885 2586 praesti-

310 2604 449 2672 tuit;
469 2620 511 2664 .a
544 2620 652 2674 quo
681 2605 925 2675 vulgaris
961 2621 1069 2660 aera
1091 2616 1277 2661 nostra
1305 2604 1703 2676 proﬁciscitur:
1736 2606 1883 2678 quod

313 2711 438 2750 cum
491 2697 548 2750 in
605 2698 701 2752 lib.
758 2695 829 2750 1X
878 2696 955 2751 De
999 2697 1240 2752 doctrina
1287 2708 1594 2767 temporum,
1661 2713 1783 2770 cap.
1821 2701 1882 2764 V,

309 2790 663 2845 observatum
692 2791 806 2860 jam
848 2789 1032 2856 fuerit,
1080 2792 1294 2861 plenius
1338 2791 1442 2846 hoc
1493 2793 1614 2848 loco
1655 2791 1882 2848 demons-

313 2884 604 2938 strabitur.
640 2883 841 2938 Scribit
883 2883 1148 2954 Georgius
1193 2899 1396 2938 annum
1427 2886 1622 2942 mortis
1649 2885 1885 2941 Alexan-

306 2977 394 3030 dri
425 2975 602 3046 Magni
641 2991 672 3030 a
717 2992 827 3046 quo
869 2976 1045 3030 'fhoth
1085 2975 1319 3046 Philippi
1365 2977 1564 3031 Aridazi
1614 2978 1882 3047 procedit,

307 3070 364 3125 in
397 3082 504 3120 tera
537 3065 813 3122 Panodori
848 3081 968 3121 esse
994 3067 1063 3121 ab
1092 3066 1304 3121 Adamo
1335 3068 1498 3131 5170,
1527 3083 1730 3123 annum
1754 3071 1885 3124 item

306 3157 506 3213 mortis
537 3157 864 3228 CleOpatrae,
900 3159 1014 3213 sive
1069 3158 1305 3228 primum
1345 3152 1654 3224 ActiaCum,
1697 3177 1888 3217 nume-

309 3249 423 3304 nari
470 3247 640 3315 5465;
676 3264 706 3302 a
741 3264 852 3318 quo
879 3249 1140 3320 deinceps
1172 3250 1239 3304 ad
1266 3250 1498 3322 Augusti
1545 3253 1753 3308 obitum
1791 3271 1882 3324 pu-
1907 3276 1952 3338 ο

302 3347 501 3398 tantur
529 3340 656 3393 anni
683 3340 788 3394 45;
820 3341 901 3394 sic
930 3349 989 3395 ut
1008 3342 1427 3410 annoejusdem
1460 3359 1582 3398 aerae
1607 3344 1748 3400 5506
1776 3346 1884 3400 Au-

309 3438 512 3500 gustus
558 3429 889 3495 excesserit;
934 3445 1058 3484 cum
1099 3446 1244 3491 anno
1264 3431 1686 3489 5495Christus
1719 3433 1884 3490 adve-

308 3524 508 3578 nisset.
539 3519 618 3574 Ex
640 3520 709 3576 iis
732 3521 875 3575 inter
901 3535 964 3576 se
989 3521 1318 3591 comparatis
1335 3523 1430 3586 ita,
1453 3523 1600 3592 quod
1632 3526 1882 3581 volumus

308 3610 572 3666 efﬁcitur.
627 3611 788 3665 Anno
841 3610 1057 3664 decimo
1117 3617 1327 3680 quarto.
1369 3627 1494 3666 terat
1561 3613 1884 3674 Christianze

313 3710 564 3757 mortuus
597 3709 682 3757 est
709 3702 989 3771 Augustus
1010 3717 1038 3766 ;,
1067 3701 1276 3769 periodi
1302 3700 1532 3757 Juliana;
1551 3703 1712 3767 4727,
1741 3713 1800 3759 ιιι
1828 3706 1883 3760 in

313 3793 458 3846 libro
487 3791 558 3846 De
586 3791 830 3847 doctrina
865 3791 1278 3861 temporumXI,
1313 3808 1432 3864 cap.
1470 3791 1560 3857 VI,
1596 3795 1882 3865 probatum

315 3891 421 3938 est.
459 3883 528 3938 Ut
556 3884 720 3954 igitur
745 3885 1004 3939 detractis
1035 3885 1194 3938 annis
1225 3900 1316 3938 xlv
1341 3885 1408 3939 de
1451 3884 1592 3938 4727
1631 3886 1884 3941 residuus

315 3982 402 4028 est
433 3975 502 4038 is,
551 3975 607 4028 in
635 3991 796 4044 quem
827 3975 1068 4044 vulgaris
1109 3974 1315 4030 Christi
1356 3976 1557 4031 natalis
1596 3979 1880 4046 competit:

317 4075 370 4120 et
391 4067 793 4136 sequentium
809 4068 1019 4136 primus
1041 4083 1164 4124 atrae
1187 4068 1726 4140 Christianaincipit
1749 4088 1764 4139 ;
1794 4070 1883 4126 cui

316 4157 755 4212 Incarnationem
773 4165 826 4214 et
838 4157 1083 4215 Natalem
1107 4161 1452 4230 computistae
1471 4171 1746 4218 nostrates
1760 4179 1882 4217 cum

315 4247 520 4304 Graecis
543 4250 852 4305 afﬁxerunt:
887 4252 967 4306 sic
985 4251 1052 4305 de
1075 4266 1219 4305 anno
1233 4251 1514 4306 .Panodori
1537 4252 1678 4310 5506
1713 4253 1887 4308 detrar

317 4340 420 4393 etis
444 4357 555 4404 xlv,
571 4342 798 4396 exsistet
821 4356 997 4396 annus
1013 4341 1151 4396 5495
1171 4360 1186 4409 ;
1209 4343 1296 4397 cui
1317 4342 1413 4413 τὴν
1433 4343 1682 4416 γέννησιν
1700 4343 1888 4397 Salva-

317 4431 454 4486 toris
471 4430 789 4486 Panodorus
805 4433 1075 4488 attribuit.
1097 4433 1313 4488 Rursus
1335 4435 1641 4488 Alexander
1659 4433 1885 4503 Magnus

319 4523 476 4588 periit
505 4537 649 4576 anno
684 4523 894 4592 periodi
923 4521 1156 4577 Juliana:
1191 4523 1359 4588 4590,
1395 4525 1489 4593 qui
1540 4533 1624 4579 est
1670 4532 1886 4580 trecent-

1981 683 2158 752 primo
2215 682 2565 756 Dionysiano.
2627 683 2806 739 Doceo
2852 685 2964 754 jam
3018 685 3174 738 annis
3214 689 3338 738 octo
3365 698 3543 737 remo-

1980 777 2097 824 tum
2128 773 2197 827 ab
2225 787 2290 827 eo
2314 774 2546 828 alterum
2565 789 2708 840 esse,
2741 775 2834 844 qui
2873 775 3167 845 quinquies
3195 773 3543 828 millesimum

1977 862 2474 932 quingentesimum
2539 865 2774 934 primum
2849 879 3052 918 annum
3127 869 3359 934 occupat
3422 879 3545 918 mra}

1977 952 2217 1018 Maximi,
2258 969 2323 1008 ac
2353 953 2720 1024 TheOphanis,
2777 965 2830 1010 et
2880 953 3095 1025 Georgii
3147 953 3405 1026 Syncelli.
3453 954 3546 1010 Et—

1977 1045 2142 1108 enim,
2178 1046 2322 1116 quod
2357 1047 2452 1102 lib.
2498 1046 2569 1102 IX
2609 1048 2684 1119 (p.
2719 1048 2772 1115 5)
2819 1046 2893 1101 De
2949 1047 3192 1101 doctrina
3232 1057 3540 1116 temporum,

1977 1138 2415 1194 animadversum
2471 1147 2575 1203 est,
2627 1140 2908 1195 character
2962 1154 3226 1194 annorum
3291 1140 3541 1203 istorum,

1977 1245 2100 1299 quo.
2117 1229 2502 1286 discernuntur
2531 1245 2565 1285 a
2605 1231 2790 1295 nobis,
2835 1232 3065 1287 indictio
3113 1240 3213 1296 est,
3241 1247 3402 1301 quam
3446 1247 3545 1286 no-

1979 1320 2290 1374 hiscumilli
2321 1336 2666 1378 communem
2693 1324 2963 1388 obtinent,
2989 1332 3102 1377 tum
3149 1323 3304 1387 feria,
3344 1325 3427 1378 vel
3462 1325 3546 1377 Iu-

1978 1413 2128 1466 naris
2158 1418 2292 1465 aetas
2317 1413 2482 1466 certis
2513 1413 2706 1467 diebus
2734 1413 3021 1466 attributa.
3054 1412 3257 1479 Quae-si
3288 1415 3548 1470 adhibere

1979 1501 2248 1565 velimus,
2295 1502 2508 1558 id-esse
2557 1518 2770 1567 verum,
2817 1505 2962 1574 quod
2999 1503 3137 1569 dixi,
3184 1507 3543 1576 reperiemus.

1978 1593 2252 1650 Duosunt
2300 1611 2410 1666 prae
2451 1598 2663 1652 creteris
2710 1607 2988 1662 auctores,
3027 1598 3124 1668 qui
3161 1613 3270 1653 aera
3314 1606 3547 1654 utuntur

1978 1686 2101 1752 ista,
2147 1687 2414 1743 Maximus
2466 1697 2521 1744 et
2571 1688 2954 1760 Theophanes.-
3008 1689 3212 1745 Horum
3279 1691 3430 1761 prior
3491 1692 3547 1745 in
3635 1691 3644 1698 ’

1977 1778 2176 1847 prima.
2207 1779 2663 1849 parte-computi,
2697 1795 2819 1851 cap.
2858 1780 3087 1847 XXXII,
3119 1783 3547 1853 evangelismum

1979 1870 2150 1926 beata:
2178 1870 2441 1941 Virginis,
2478 1874 2592 1928 sive
2638 1871 3094 1942 lncarnationem,
3140 1875 3398 1931 incidisse
3431 1876 3550 1929 vult

1981 1976 2132 2016 anno
2152 1962 2338 2016 mundi
2374 1963 2533 2028 5501,
2564 1965 2718 2034 cyclo
2745 1965 2877 2019 solis
2908 1982 3029 2030 xm,
3063 1965 3206 2020 lunae
3238 1982 3294 2030 ιι,
3320 1966 3454 2022 feria
3486 1982 3547 2030 ιι,

1979 2053 2224 2109 Natalem
2259 2063 2440 2110 autem
2463 2055 2664 2111 Christi
2705 2057 2894 2112 eodem
2936 2073 3102 2123 anno,
3135 2057 3269 2113 feria
3298 2074 3369 2112 tv.
3403 2058 3551 2124 Quo-

1982 2147 2128 2200 niam
2155 2147 2342 2217 igitur
2401 2148 2829 2218 Εὐαγγελισμὺς,
2876 2165 3039 2219 quam
3083 2151 3550 2205 Annuntiationcm

1982 2237 2168 2294 Latina
2185 2248 2342 2293 vocat
2365 2238 2626 2305 Ecclesia,
2655 2247 2763 2293 tam
2791 2255 2821 2294 a
2845 2238 3047 2296 Graecis
3070 2257 3230 2312 quam
3264 2258 3293 2296 a
3323 2243 3547 2309 nostris,

1982 2328 2162 2384 Martii
2185 2346 2294 2384 xxv
2320 2330 2561 2400 ponitur,
2592 2345 2818 2385 necesse
2847 2339 2932 2385 est
2956 2329 3345 2387 Dominicalem
3378 2331 3550 2388 fuisse

1983 2421 2220 2476 litteram
2263 2420 2323 2476 F.
2359 2420 2524 2475 Addit
2561 2435 2685 2491 cap.
2728 2420 2947 2475 XXXIII
2983 2423 3334 2478 indictionem
3375 2423 3550 2479 fuisse

1981 2521 2113 2568 tunc
2166 2530 2267 2578 xu,
2315 2515 2492 2584 capite
2540 2530 2704 2585 porro
2753 2513 2971 2567 XXXIV
3021 2517 3401 2589 χρηματισμὸν
3446 2517 3550 2572 Za-

1983 2605 2182 2660 chariae
2212 2605 2517 2676 Septembri
2547 2624 2694 2661 xxvu
2721 2607 2810 2662 die
2841 2610 3137 2680 contigisse
3170 2619 3382 2675 narrat,
3413 2611 3548 2666 feria

1982 2713 2035 2760 v,
2069 2698 2222 2768 cyclo
2252 2698 2386 2754 solis
2413 2715 2509 2763 xu,
2545 2699 2687 2754 lunae
2717 2715 2790 2756 Ix.
2827 2699 3063 2757 Proinde
3089 2703 3268 2756 littera
3304 2701 3554 2755 Domini-

1984 2789 2118 2846 calis
2148 2796 2266 2846 erat
2294 2789 2360 2846 G.
2391 2791 2524 2846 ltem
2554 2803 2740 2847 natum
2781 2809 2902 2849 esse
2933 2792 3193 2849 Joannem
3221 2792 3368 2848 Junii
3398 2811 3549 2858 xxiv,

1985 2881 2120 2937 feria
2165 2899 2224 2948 ιι,
2252 2898 2446 2953 nempe
2474 2883 2656 2938 littera
2690 2883 3012 2939 Dominicali
3050 2883 3111 2940 F.
3147 2883 3225 2937 Ex
3262 2891 3343 2938 tot
3381 2899 3553 2938 anno-

1986 2990 2106 3029 rum
2129 2975 2571 3032 characterismis
2592 2973 2850 3043 efﬁcitur,
2881 2976 3156 3031 Zacharite
3170 2995 3273 3048 χρη
3283 2975 3553 3047 parcat/Av

1985 3070 2039 3119 et
2066 3072 2387 3134 conceptum
2438 3063 2667 3121 Joannis
2720 3067 2916 3123 cadere
2958 3067 3014 3122 in
3068 3082 3274 3122 annum
3335 3069 3550 3138 periodi

1985 3155 2214 3211 Juliana;
2241 3156 2400 3224 4721,
2431 3156 2524 3227 qui
2562 3167 2646 3212 est
2675 3173 2797 3213 terte
2823 3159 3132 3214 communis
3162 3169 3410 3223 octavus,
3443 3176 3553 3229 quo

1988 3243 2164 3298 littera
2197 3243 2311 3299 fuit.
2331 3244 2377 3301 G
2408 3257 2530 3315 post
2560 3245 2835 3301 Martium.
2882 3247 3322 3303 lncarnationem
3369 3259 3548 3324 autem

1982 3333 2335 3405 Natalemque
2365 3337 2592 3402 Christi,
2625 3346 2678 3394 et
2708 3348 2831 3395 ante
2861 3340 3010 3396 hunc
3041 3339 3290 3407 Joannis,
3344 3341 3399 3396 in
3450 3357 3551 3396 an-

1983 3440 2115 3478 num
2141 3424 2300 3491 4722,
2333 3441 2454 3480 aera:
2501 3426 2832 3484 Christianae
2890 3445 3120 3496 nonum,
3162 3431 3256 3500 qui
3315 3432 3552 3486 litteram

1984 3517 2173 3572 habuit
2204 3517 2266 3573 F.
2305 3517 2396 3573 Sic
2426 3521 2589 3576 annis
2612 3529 2736 3575 octo
2767 3519 2977 3576 tardior
3002 3528 3088 3576 est
3118 3523 3319 3576 natalis
3362 3522 3551 3576 Domi-

1984 3611 2141 3664 nicus
2197 3609 2254 3664 in
2302 3609 2406 3666 hac
2463 3626 2594 3675 aera,
2653 3627 2817 3683 quam
2869 3613 3264 3672 in'communi.
3310 3614 3553 3684 ldipsum

1983 3703 2375 3766 ἀποδεικτικῶς
2403 3719 2618 3774 quoque
2645 3706 2921 3778 colligitur
2940 3723 3008 3763 ex
3038 3721 3160 3778 cap.
3186 3705 3403 3760 XXXIII
3437 3721 3558 3777 par-

1983 3795 2054 3850 tis
2089 3795 2278 3864 primaa
2306 3797 2548 3866 computi
2588 3797 2830 3854 Maximi.
2869 3799 3082 3870 Quippe
3118 3799 3351 3869 Augusti
3382 3800 3556 3871 impc-

1983 3887 2050 3940 rii
2083 3888 2382 3942 secundum
2414 3904 2617 3944 annum
2649 3892 2725 3945 ait
2753 3907 2873 3948 esse
2897 3893 3284 3959 mundi'6460,
3317 3909 3426 3965 quo
3454 3894 3555 3948 fuit

1985 3977 2173 4033 indict.
2211 3995 2250 4047 ι,
2275 3979 2622 4035 incarnatum
2647 3997 2778 4037 vero
2814 3998 2937 4041 esse
2960 3984 3240 4042 Christum
3271 4001 3414 4040 anno
3437 3985 3556 4039 Au»

1985 4069 2128 4140 gusti
2151 4073 2300 4136 xLui,
2326 4071 2518 4129 indict.
2545 4089 2642 4130 xu.
2677 4073 2754 4129 Ex
2779 4091 2888 4147 quo
2918 4093 3262 4148 consequens
3294 4075 3380 4132 ρει
3412 4093 3556 4132 anno

1983 4160 2114 4216 Julii
2160 4178 2238 4217 xtl
2287 4165 2496 4235 periodi
2532 4164 2771 4222 Juliana:-
2791 4169 2931 4224 4680
2978 4169 3210 4240 Augusti
3263 4169 3554 4239 imperium

1985 4255 2199 4322 iniisse,
2227 4264 2282 4312 et
2313 4271 2515 4312 annum
2557 4257 2686 4313 Julii
2726 4277 2842 4324 xm,
2884 4261 3090 4331 periodi
3135 4261 3380 4332 Juliana:~
3415 4260 3553 4316 4681

1987 4349 2284 4403 secundum
2316 4364 2440 4404 esse
2461 4350 2813 4408 monarchite.
2839 4351 3080 4423 lnlellige
3110 4354 3379 4407 labentem
3404 4361 3556 4406 utro-

1987 4439 2171 4509 bique.
2231 4438 2449 4497 Etenim
2509 4445 2739 4515 Augusti
2787 4460 2961 4499 annos
3023 4459 3053 4498 a
3117 4443 3294 4499 Thoth
3339 4444 3556 4513 incipit.

1988 4528 2224 4586 Proinde
2275 4533 2486 4602 primus
2545 4532 2722 4589 Thoth
2779 4549 2969 4589 revera
3030 4534 3224 4589 incidit
3266 4535 3320 4588 in
3353 4549 3557 4588 annum

319 4613 546 4668 tesimus
571 4614 864 4668 vicesimus
897 4624 1128 4684 quartus
1148 4621 1275 4668 ante
1302 4613 1879 4671 Christianamaeram.
1913 4623 1960 4678 Β
1986 4621 2116 4677 Julii
2149 4639 2232 4690 ιιι,
2281 4624 2492 4693 periodi
2536 4623 2768 4681 Juliana
2805 4626 2937 4680 4711
2964 4645 2976 4680 ε
3007 4636 3061 4679 at
3090 4641 3157 4681 ex
3195 4624 3412 4679 Maximi
3440 4626 3556 4679 cal-

319 4701 501 4767 Quare
535 4707 675 4758 sicut
706 4704 906 4759 additis
929 4705 1034 4760 524
1072 4706 1137 4759 ad
1178 4705 1340 4770 4589,
1375 4705 1667 4761 conﬁcitur
1705 4722 1883 4763 annus

321 4794 518 4848 natalis
545 4796 852 4850 communis
895 4796 950 4850 in
995 4794 1212 4851 Juliana
1252 4797 1477 4865 periodo
1505 4797 1664 4865 4715,
1697 4798 1777 4852 sic
1817 4797 1886 4853 ad

319 4899 522 4940 annum
553 4886 694 4942 5169
720 4888 922 4944 additis
954 4889 1080 4951 524,
1127 4889 1414 4958 consurgit
1460 4902 1638 4944 annus
1681 4889 1736 4943 in
1777 4905 1886 4944 aera

317 4972 590 5032 Panodori
620 4978 780 5041 5495,
809 4981 905 5049 qui
932 4979 1428 5034 Alexandrinorum
1453 4981 1704 5050 papulari
1733 4996 1886 5036 exor-

317 5068 410 5124 dio
439 5072 603 5141 cmpit
634 5072 703 5126 ab
737 5070 985 5141 Augusto
1011 5079 1244 5126 exeunte
1266 5073 1395 5127 anni
1423 5072 1884 5133 4715,.ecclesiay

317 5159 458 5215 stica
505 5175 635 5214 vero
674 5161 1066 5216 consuetudine
1088 5175 1120 5214 a
1148 5176 1276 5217 vere
1302 5162 1429 5216 anni
1455 5161 1887 5232 4714.,Denique

321 5250 528 5316 primus
565 5267 742 5307 annus
773 5253 1053 5315 Actiacus,
1100 5253 1215 5309 sive
1245 5254 1444 5309 mortis
1469 5255 1795 5324 Cleopatra,
1827 5258 1884 5311 in

316 5336 533 5393 Juliana
559 5342 780 5410 periodo
809 5351 889 5397 est
918 5342 1079 5407 4684,
1104 5343 1172 5397 ad
1201 5360 1362 5414 quem
1386 5345 1629 5415 adjuncti
1660 5347 1790 5401 anni
1813 5347 1885 5401 45

318 5429 575 5486 desinunt
610 5434 664 5486 in
693 5449 894 5488 annum
911 5435 1203 5506 4727,quo
1222 5437 1503 5507 Augustus
1523 5438 1635 5493 fato
1663 5440 1884 5497 functus

318 5531 422 5577 est.
468 5522 669 5578 Eodem
714 5526 876 5579 modo
920 5528 967 5582 si
1013 5527 1083 5582 45
1121 5529 1350 5598 adjicias
1385 5531 1454 5584 ad
1489 5533 1652 5598 5465,
1685 5535 1885 5591 conﬁet

320 5613 375 5667 in
403 5614 672 5669 Panodori
704 5625 960 5687 computo
985 5634 1162 5674 annus
1193 5621 1354 5685 5506,
1381 5638 1489 5692 quo
1521 5625 1650 5681 item
1692 5642 1886 5682 exces-

321 5706 391 5758 sit
416 5707 698 5776 Augustus
727 5727 740 5762 :
779 5709 874 5764 sed
908 5712 1096 5767 exiens
1122 5719 1349 5782 uterque
1371 5731 1550 5771 annus
1580 5718 1883 5784 habendus,

320 5806 579 5866 sequente
617 5799 755 5853 5507
788 5809 844 5855 et
881 5801 1039 5857 5464.
1087 5803 1357 5868 Quocirca
1395 5807 1531 5861 nihil
1570 5816 1654 5864 est
1681 5812 1886 5867 certius

319 5901 479 5954 quam
515 5891 910 5947 incarnationis
954 5910 1174 5960 annum,
1223 5898 1276 5951 in
1320 5914 1479 5968 quem
1515 5899 1783 5957 l’anodori
1815 5904 1883 5958 ab

1990 4715 2120 4768 culo
2153 4716 2396 4786 contigit
2429 4731 2576 4770 anno
2616 4715 2746 4771 Julii
2783 4735 2855 4780 xl,
2883 4716 3089 4788 periodi
3119 4716 3348 4771 Julianae
3392 4717 3575 4783 4679,.

1991 4804 2316 4860 Unde-anno
2359 4805 2491 4860 4681
2552 4807 2606 4861 in
2661 4822 2828 4862 cursu
2877 4815 2995 4862 erat
3051 4808 3229 4862 adhuc
3284 4807 3604 4871 secundusx

1986 4897 2218 4969 Augusti
2250 4912 2373 4952 cum
2408 4897 2704 4954 indictione
2726 4916 2762 4953 ι.
2791 4898 2940 4954 Adde
2969 4914 3143 4954 annos
3166 4915 3253 4953 xu
3277 4899 3514 4968 reliquos
3534 4914 3575 4962 ,;,

1988 4989 2230 5044 incurret
2273 5005 2452 5045 annus
2484 4990 2714 5061 Augusti
2754 5007 2907 5053 mn,
2940 5007 3049 5061 quo
3101 4993 3422 5046 incarnatus
3474 5000 3561 5044 est

1989 5080 2264 5147 Christus,
2304 5083 2359 5136 in
2405 5097 2608 5137 annum
2637 5074 2914 5138 Julianum
2951 5100 3058 5147 LIV,
3089 5085 3298 5156 periodi
3330 5083 3562 5138 Juliana:

1986 5175 2149 5243 4722,
2181 5177 2257 5230 ita
2293 5184 2350 5230 ut
2379 5192 2523 5231 anno
2562 5176 2780 5233 Juliano
2824 5182 2917 5232 ιιιὶ
2956 5195 2986 5232 a
3021 5178 3199 5239 Thoth
3248 5178 3453 5242 inierit,
3505 5183 3561 5230 et

1988 5266 2188 5322 Martio
2247 5282 2434 5322 mense
2462 5269 2802 5338 insequentis
2834 5270 2962 5324 anni
3005 5269 3258 5324 tenuerit.
3286 5267 3453 5322 Vides
3499 5273 3560 5320 ut

1989 5356 2149 5412 annis
2203 5364 2328 5412 octo
2358 5357 2627 5414 tardiores
2682 5361 2794 5413 sint
2843 5359 3063 5429 epocha:
3110 5372 3302 5412 omnes
3353 5357 3409 5410 in
3449 5357 3558 5411 isto

1989 5455 2268 5516 computo.
2320 5447 2453 5502 Nam
2485 5448 2665 5503 Thoth
2706 5450 2969 5518 Angustei
3005 5448 3218 5517 imperii
3256 5453 3341 5502 est
3379 5461 3558 5500 annus

1986 5539 2164 5596 Julius
2194 5543 2273 5606 ni,
2312 5557 2340 5594 a
2377 5541 2612 5595 Maximo
2645 5557 2776 5596 vero
2806 5541 2862 5594 ﬁt
2895 5557 2971 5595 χι.
3006 5539 3206 5593 Eadem
3226 5544 3280 5594 et
3314 5538 3369 5592 in
3399 5536 3560 5591 Nice-

1987 5633 2143 5702 phori
2193 5632 2465 5686 Chronico
2527 5632 2863 5703 perturbatio
2918 5638 3024 5696 est,
3077 5631 3170 5700 qui
3225 5647 3349 5684 cum
3413 5645 3559 5682 anno

1988 5722 2181 5778 Adami
2204 5723 2364 5789 5501,
2402 5724 2615 5794 imperii
2638 5723 2870 5794 Augusti
2903 5739 3037 5785 xm,
3087 5730 3254 5792 ponat
3301 5724 3560 5776 lncarna-

1988 5815 2188 5869 tionem
2237 5814 2476 5882 Domini;
2523 5815 2878 5870 nihilominus
2940 5831 3141 5869 annum
3193 5814 3423 5868 Nicatnm
3469 5829 3559 5882 sy-

1995 5906 2121 5961 nodi
2175 5917 2426 5961 numerat
2479 5907 2560 5962 ab'
2593 5905 2970 5964 Incarnatione
3023 5923 3276 5961 CCCXVIII.
3333 5915 3387 5960 et
3435 5914 3559 5963 octo
3609 5967 3624 5988 ς
