4022 6398
527 458 664 514 1599

1507 452 1593 505 AD
1634 452 1900 509 EUSEBH
1936 444 2329 509 CHRONICON
2373 440 2732 499 APPENDIX.

3623 429 3794 484 £500

525 580 686 634 annis
711 576 892 632 minus
931 575 1082 630 dicit.
1128 573 1241 630 Nos
1288 574 1343 629 in
1399 589 1543 630 nono
1573 576 1649 630 De
1687 577 1928 632 doctrina
1958 588 2086 633 ωηι-
2113 582 2160 637 Α
2187 587 2308 629 esse
2333 569 2524 623 volunt
2562 562 2722 626 5777,
2753 553 3148 612 lncarnationis
3168 551 3303 618 277;
3332 547 3479 620 διειυί
3519 561 3594 601 ει
3640 548 3793 637 Πίο-

524 684 730 738 parum,
752 680 870 736 cap.
912 663 999 726 IV.
1029 665 1166 719 duos
1194 665 1314 719 illos
1338 680 1512 721 annos
1543 669 1942 740 χρηματισμοῦ.
1985 670 2085 724 Za-

525 760 726 815 chariae
799 765 854 814 et
923 755 1318 811 lncarnationis
1391 772 1422 810 a
1496 756 1728 813 Maximo
1787 769 2083 830 conceptos

525 851 812 904 retulimus
861 850 916 902 in
973 848 1115 902 4710
1174 855 1229 903 et
1275 847 1408 901 4711
1465 848 1672 918 periodi
1707 848 1956 917 Julianae,
1987 852 2083 920 qui

527 942 716 994 iisdem
751 938 1181 993 Dominicalibus
1214 938 1410 993 litteris
1441 939 1809 995 instruuntur.
1842 940 1950 997 Sed
2001 943 2084 996 in-

523 1030 691 1084 dictio
748 1028 865 1092 XII,
911 1043 1075 1098 quam
1124 1028 1291 1082 natali
1319 1027 1527 1085 Christi
1562 1029 1832 1087 Maximus
1865 1046 2083 1086 accom-

525 1121 726 1184 modat,
751 1135 952 1174 annum
987 1118 1179 1174 suadet
1207 1119 1368 1185 4722,
1403 1135 1513 1190 quo
1569 1119 1816 1176 Romana
1857 1123 2084 1178 indictio

521 1219 640 1266 erat
676 1211 732 1264 in
776 1225 943 1265 cursu
982 1226 1058 1264 xu
1092 1225 1121 1263 a
1149 1208 1434 1278 Januario,
1466 1210 1550 1266 vel
1603 1226 1634 1265 a
1663 1210 1878 1278 Martio,
1923 1213 2084 1282 Apri-

522 1304 646 1368 live,
698 1311 757 1358 ut
804 1313 957 1374 putat
1004 1302 1288 1359 Maximus.
1333 1302 1424 1357 Sic
1463 1302 1518 1356 in
1561 1303 1832 1374 baptismo
1877 1303 2082 1360 Christi

522 1411 585 1449 ac
624 1397 878 1465 passione
912 1394 1060 1448 labes
1105 1392 1291 1448 eadem
1343 1393 1583 1462 computi
1617 1393 1877 1457 cernitur,
1912 1394 2082 1464 siqui-

521 1486 643 1542 dem
679 1501 800 1558 cap.
861 1483 1054 1539 XXXII
1100 1485 1428 1554 baptizatum
1476 1500 1506 1538 a
1547 1483 1756 1540 Joanne
1802 1484 2082 1541 Christum

523 1585 787 1632 memorat
829 1591 972 1631 anno
1009 1576 1169 1639 5550,
1212 1576 1346 1632 feria
1378 1591 1456 1630 ιιι.
1496 1575 1640 1645 Ergo
1672 1576 1852 1631 littera
1899 1575 2083 1630 Domi-

523 1671 636 1723 nic.
670 1669 730 1733 υ,
766 1667 992 1736 adjectis
1027 1683 1155 1721 xxix
1181 1667 1248 1721 ad
1284 1681 1406 1722 eum
1431 1682 1658 1732 annum,
1689 1683 1798 1736 quo
1829 1669 2082 1721 incarna-

521 1768 612 1812 tus
647 1765 752 1812 cst.
789 1756 944 1812 Unde
966 1763 1050 1811 est
1080 1755 1170 1810 hic
1206 1769 1383 1811 annus
1407 1756 1613 1826 periodi
1647 1756 1877 1810 Julianae
1921 1757 2080 1821 4752,

519 1866 629 1918 quo
659 1849 725 1903 ad
757 1863 983 1902 vernum
1041 1861 1214 1916 usque
1271 1861 1513 1902 mensem
1571 1847 1853 1902 labebatur
1903 1862 2080 1901 annus

2185 676 2304 718 rum
2335 663 2518 712 mente
2572 654 2622 708 is
2664 665 2788 706 esse
2831 645 2990 701 debet
3031 658 3152 698 atrae
3213 649 3417 697 nostrae
3466 639 3608 693 285.
3675 635 3792 692 Sic

2184 750 2542 821 Theophanes
2586 739 2933 800 Constantini
2981 737 3190 791 obitum
3237 733 3404 789 refert
3453 732 3512 785 in
3547 744 3792 783 annum

2182 842 2369 899 mundi
2395 838 2556 903 5829,
2584 831 2978 891 lncarnationis
3001 829 3143 884 529:
3197 841 3355 896 quem
3404 833 3630 879 certum
3686 830 3796 876 est.

2182 949 2303 990 atra:
2330 929 2636 987 communis
2669 939 2812 980 anno
2839 921 2943 976 557
2983 919 3261 974 incidisse.
3295 917 3510 970 Rursus
3546 912 3787 966 Valen-

2183 1027 2378 1082 tiniani
2408 1022 2690 1080 exordium
2734 1015 2947 1073 confert
2999 1015 3056 1068 in
3111 1027 3311 1066 annum
3358 1006 3560 1063 mundi
3619 1005 3797 1059 5857

2182 1124 2502 1180 exeuntem;
2536 1119 2794 1181 sequente
2819 1121 2940 1160 mox
2969 1104 3128 1167 5858,
3164 1102 3419 1172 quoniam
3448 1097 3792 1153 Februario

2182 1217 2399 1263 creatus
2426 1214 2512 1260 est
2545 1204 2871 1272 imperator;
2908 1195 3110 1252 Christi
3143 1204 3319 1248 autem
3340 1199 3634 1260 computat
3659 1190 3794 1244 ’557

2183 1298 2367 1354 itidem
2398 1300 2709 1352 exeuntem.
2746 1289 3048 1344 Discrimen
3082 1300 3346 1339 annorum
3397 1282 3450 1344 7,
3483 1281 3792 1351 quemad-

2183 1389 2403 1445 modum
2444 1394 2499 1442 et
2539 1385 2595 1440 in
2641 1396 2786 1437 anno
2817 1378 3032 1436 concilii
3059 1375 3568 1439 Chalcedonensis,
3614 1374 3790 1442 quod

2184 1495 2330 1536 anno
2362 1477 2551 1534 mundi
2598 1475 2758 1540 5944,
2806 1471 3106 1527 indictione
3135 1486 3168 1523 v
3203 1468 3540 1524 celebratum
3572 1464 3784 1530 docet,

2183 1588 2328 1629 anno
2356 1569 2561 1628 Christi
2601 1568 2730 1624 444.
2761 1565 2923 1635 Atqui
2957 1577 3101 1617 anno
3134 1561 3231 1616 451
3279 1576 3401 1615 terte
3431 1569 3655 1616 nostrae
3685 1569 3788 1613 est

2184 1665 2448 1727 habitum,
2479 1661 2560 1717 sic
2599 1673 2708 1714 uno
2737 1655 3009 1711 interdum
3035 1667 3177 1707 anno
3211 1651 3280 1706 ab
3311 1651 3574 1704 instituta
3599 1649 3786 1702 chro-

2182 1754 2404 1824 nologia
2433 1749 2794 1818 Theophanes
2824 1746 3078 1799 aberrat:
3111 1755 3174 1795 ac
3217 1747 3421 1810 septem
3473 1752 3779 1792 annorum

2183 1841 2561 1900 tantummodo
2593 1838 2889 1894 discrimen
2923 1834 3087 1900 facit;
3117 1847 3240 1887 cum
3275 1836 3398 1885 octo
3421 1844 3556 1884 esse
3588 1845 3783 1884 anno-

521 1916 736 1994 Maximi
761 1940 900 1997 5550
933 1946 987 1994 et
1024 1939 1154 1994 5551
1198 1939 1321 1994 inde
1347 1939 1642 1994 successit.
1691 1938 1824 1993 Item
1867 1940 2079 2008 passio-
2113 1916 2154 1974 Β
2184 1952 2302 1991 ι·ιιιιι
2330 1937 2579 2004 oporteat
2600 1945 2668 1984 ex
2695 1929 2844 1982 illius
2863 1924 3198 1980 ratiociniis:
3226 1921 3381 1990 cujus
3406 1921 3556 1974 ratio
3573 1935 3654 1975 ex
3682 1922 3781 1983 iis,

524 2050 643 2088 nem
683 2033 888 2088 Christi
927 2031 1236 2100 conjicit'in
1287 2045 1487 2085 annum
1518 2029 1682 2093 5554,
1705 2044 1770 2084 ac
1803 2029 1947 2086 diem
1975 2028 2081 2083 Pa-

520 2140 801 2186 rasceves;
850 2141 969 2195 qum
999 2124 1213 2196 quidem
1249 2122 1425 2177 Martii
1469 2137 1601 2176 xxiii
1639 2121 1888 2192 contigit,
1922 2128 1982 2176 ut
2014 2137 2080 2177 ex

521 2211 753 2283 Georgio
799 2228 923 2266 mox
974 2212 1314 2284 probabitur,
1347 2212 1528 2266 littera
1571 2210 1836 2266 Dominic.
1883 2210 1948 2265 G.
1975 2209 2082 2264 Ita-

519 2317 627 2372 que
653 2317 829 2357 annus
867 2302 970 2356 fuit
1000 2303 1209 2373 periodi
1241 2301 1468 2357 Juliante
1496 2302 1658 2357 4755.
1706 2301 1838 2368 Quae
1867 2300 2084 2358 Graeco-

519 2408 640 2447 rum
668 2398 1072 2449 sententia'non
1106 2396 1278 2465 magis
1307 2395 1514 2465 reliqua
1548 2395 1616 2449 ab
1649 2395 1898 2463 historia,
1920 2410 2081 2466 quam

520 2485 587 2540 ab
611 2486 917 2557 evangelica
947 2487 1258 2542 narratione
1283 2487 1576 2556 discrepat.
1613 2485 1748 2542 Nam
1781 2487 1982 2542 Tiberii
2015 2503 2082 2541 xv

521 2575 633 2631 fere
663 2577 966 2646 baptizatus
993 2585 1079 2632 est
1113 2577 1396 2644 Christus;
1430 2585 1485 2632 et
1515 2576 1705 2632 eodem
1745 2577 2044 2646 imperante
2064 2618 2078 2643 ,

519 2669 703 2731 tertio,
729 2676 993 2736 quartove
1027 2682 1170 2722 anno
1201 2677 1385 2738 postea
1410 2683 1606 2739 passus
1635 2687 1647 2722 :
1678 2675 1734 2722 at
1768 2683 1834 2724 ex
1862 2668 2080 2723 Maximi

518 2767 774 2828 computo
804 2759 1070 2829 sequitur,
1098 2759 1228 2814 Caio
1267 2760 1566 2830 imperante
1598 2766 1652 2815 et
1684 2761 1804 2830 ejus
1833 2776 1977 2815 anno
1999 2776 2084 2816 se-

518 2851 698 2904 cundo
723 2851 789 2904 ad
817 2851 1148 2921 baptismum
1180 2850 1408 2907 Joannis
1439 2854 1739 2909 accessisse
1793 2853 2078 2910 Dominum

517 2951 572 2997 et
618 2959 837 3012 passum
891 2959 1013 3000 esse
1043 2943 1257 3002 Claudii
1306 2945 1585 3001 secundo:
1631 2963 1752 3018 quae
1799 2957 1928 3002 sunt
1988 2948 2083 3002 ab-

519 3035 866 3089 surdissima.

591 3124 858 3196 Georgius
909 3125 1195 3196 Syncellus
1241 3127 1296 3182 in
1355 3128 1542 3184 eadem
1603 3137 1687 3185 est
1739 3145 1906 3186 causa
1957 3147 2079 3186 cum

2181 2042 2303 2100 quae
2341 2027 2408 2081 de
2443 2037 2711 2078 annorum
2753 2021 2925 2076 initiis
2956 2019 3014 2073 in
3049 2031 3193 2072 anno
3228 2015 3448 2071 Juliano
3474 2015 3781 2076 dicentur,

2183 2128 2458 2189 utcunque
2485 2114 2778 2171 constabit.

2251 2233 2331 2287 Ex
2379 2231 2465 2287 his
2491 2229 2745 2284 omnibus
2773 2225 2920 2297 quod
2971 2224 3125 2278 initio
3160 2223 3446 2293 posuimus
3497 2218 3777 2282 dﬁcitur,

2181 2327 2348 2380 trium
2385 2337 2616 2379 terarum
2645 2320 2782 2375 duas
2811 2316 3247 2373 lncarnationem
3276 2313 3487 2369 Christi
3519 2313 3782 2367 diversis

2182 2416 2340 2469 annis
2385 2413 2678 2483 aflingere;
2712 2424 2776 2463 ac
2809 2408 3034 2479 prioris,
3062 2421 3182 2476 quae
3207 2405 3341 2459 5501
3400 2411 3593 2474 putat,
3636 2403 3779 2456 ulti-

2182 2521 2331 2561 mum
2359 2504 2652 2560 convenire
2673 2501 2880 2556 Christi
2927 2513 3071 2554 anno
3101 2512 3282 2563 nono;
3315 2496 3557 2550 alterius
3610 2509 3782 2556 vero,

2181 2613 2302 2668 qua:
2327 2597 2466 2652 5495
2491 2600 2756 2657 numerat,
2790 2605 2936 2645 anno
2963 2592 3137 2660 primo
3162 2608 3177 2642 :
3200 2589 3445 2658 adeoque
3474 2604 3592 2642 non
3629 2589 3782 2642 duos

2184 2690 2410 2744 annales
2465 2695 2784 2756 computos;
2829 2682 2924 2738 sed
2977 2697 3145 2736 unum
3191 2689 3246 2736 et
3298 2681 3554 2735 eumdem
3623 2695 3776 2734 esse.

2183 2781 2397 2837 Etenim
2455 2792 2662 2834 annum
2713 2774 3040 2831 Christianae
3100 2773 3186 2826 vel
3240 2771 3595 2841 Dionysiana:
3651 2785 3786 2825 ara

2183 2875 2418 2944 primum
2448 2877 2680 2939 uterque
2709 2873 2999 2936 computus
3020 2863 3162 2919 5495
3188 2871 3438 2917 numerat
3466 2881 3482 2916 :
3513 2878 3628 2916 nec
3664 2879 3782 2916 nou

2184 2980 2388 3019 annum
2455 2961 2700 3030 ejusdem
2767 2973 2890 3014 arte
2944 2971 3150 3012 nonum
3215 2963 3446 3022 uterque
3511 2964 3780 3008 recenset

2183 3058 2341 3113 5501.
2378 3055 2587 3124 Quippe
2618 3052 2685 3106 de
2718 3065 2862 3105 anno
2888 3057 3142 3104 currente
3173 3046 3356 3101 mundi
3386 3045 3454 3098 ad
3499 3045 3778 3097 incarna—

2185 3148 2352 3202 tionis
2377 3161 2582 3199 annum
2607 3140 3006 3210 assequendum
3042 3139 3255 3209 priores
3283 3152 3457 3191 annos
3493 3137 3647 3190 5500
3681 3137 3780 3190 de-

520 3213 774 3270 Maximo.
809 3215 942 3269 Nam
991 3224 1046 3272 et
1101 3232 1322 3285 passum
1373 3235 1494 3276 esse
1528 3221 1643 3274 vult
1671 3220 1948 3276 Christum
1983 3239 2079 3276 xm

2191 3239 2456 3300 trahunt;
2495 3234 2834 3304 posteriores
2877 3230 3036 3293 5492,
3071 3245 3140 3285 ex
3177 3243 3287 3299 quo
3341 3227 3519 3295 major
3575 3226 3774 3318 hujus,

520 3306 733 3371 Marlii,
801 3309 1170 3364 resurrexisse
1233 3326 1360 3365 vero
1438 3328 1564 3375 xxv,
1625 3315 1802 3369 artatis
1868 3317 2083 3385 expleto

521 3413 717 3460 xxxiii,
747 3413 890 3452 anno
917 3399 986 3454 ab
1008 3401 1215 3455 Adamo
1245 3401 1528 3458 desinente
1566 3404 1727 3469 5555,
1778 3412 1833 3461 et
1866 3406 2085 3463 ineunte

519 3490 661 3544 5554
716 3506 784 3544 ex
832 3505 883 3544 a.
938 3490 993 3544 d.
1036 3508 1130 3546 vm
1174 3492 1402 3547 Kalend.
1457 3494 1627 3564 April.
1683 3496 1944 3552 Praeterea
1987 3513 2084 3552 an-

519 3594 649 3632 num
673 3581 865 3635 mortis
887 3579 1180 3636 Alexandri
1219 3581 1394 3654 Magni
1417 3594 1668 3639 numerat
1697 3587 1885 3641 mundi
1921 3587 2082 3650 5170,

522 3671 686 3740 idque
715 3671 769 3726 in
795 3673 1051 3728 confesso
1079 3675 1152 3728 ait
1181 3680 1320 3745 apud
1362 3692 1552 3732 omnes
1581 3693 1725 3733 esse.
1757 3678 1824 3732 At
1855 3678 2083 3749 Augusti

522 3762 852 3818 monarcbia:
902 3765 1154 3834 primum,
1202 3782 1322 3836 quae
1360 3783 1502 3822 anno
1537 3777 1657 3838 post
1685 3778 1916 3825 mortem
1957 3770 2085 3825 Julii

520 3852 694 3905 altero
751 3856 939 3921 cmpit,
988 3869 1109 3909 esse
1149 3855 1318 3921 5458;
1369 3857 1615 3925 ejusdem
1677 3873 1806 3913 vero
1855 3869 2084 3913 mortem

517 3943 816 4013 contigisse
845 3945 987 3999 inter
1030 3946 1167 4001 5514
1193 3954 1245 4001 et
1293 3947 1453 4011 5515,
1488 3965 1611 4002 cum
1649 3948 1900 4005 Christus
1922 3965 2090 4019 prope

521 4035 792 4088 decimum
825 4037 1076 4105 quintum
1128 4041 1305 4093 aetatis
1348 4055 1551 4094 annum
1592 4049 1795 4111 ageret.
1826 4041 2088 4098 Interval-

523 4127 632 4179 lum
687 4127 757 4182 ab
807 4141 951 4182 anno
999 4129 1139 4184 5170
1173 4131 1227 4183 in
1273 4147 1434 4200 quem
1468 4131 1648 4186 Thoth
1691 4131 1926 4203 Philippi
1955 4149 2088 4188 con-

519 4219 684 4287 gruit,
715 4220 778 4272 ad
811 4220 948 4274 5458
976 4223 1303 4276 monarcliia:
1332 4223 1586 4294 Augusti,
1620 4232 1750 4278 sunt
1779 4226 1905 4278 anni
1939 4225 2084 4292 288;

517 4328 660 4381 quos
696 4313 744 4367 si
774 4313 1055 4370 addideris
1091 4315 1159 4368 ad
1203 4331 1406 4369 annum
1438 4317 1646 4385 periodi
1667 4315 1898 4372 Julianze
1924 4318 2084 4382 4590,

518 4420 628 4472 quo
663 4411 908 4460 mortuus
948 4414 1032 4460 est
1072 4406 1376 4462 Alexander
1411 4408 1657 4477 Magnus,
1689 4409 1886 4464 conﬁet
1914 4425 2088 4467 annus

517 4496 680 4559 4678,
716 4497 810 4566 qui
836 4507 920 4551 est
961 4508 1183 4560 octavus
1229 4510 1351 4570 post
1394 4509 1621 4555 mortem
1647 4498 1777 4555 Julii
1810 4500 2085 4557 Caesaris:

519 4605 640 4659 qua:
675 4604 819 4643 anno
851 4589 992 4645 4670
1020 4591 1211 4645 incidit

592 4681 805 4737 Rursus
830 4683 1174 4738 intervallum
1204 4685 1270 4739 ab
1301 4699 1444 4739 anno
1468 4685 1606 4740 5458
1653 4685 1720 4740 ad
1748 4686 1909 4750 5515,
1941 4702 2090 4741 mor-

519 4776 594 4828 tis
637 4774 891 4844 Augusti,
932 4775 1061 4828 anni
1101 4776 1170 4830 57
1198 4793 1214 4842 ;
1245 4792 1385 4845 quos
1423 4777 1469 4830 si
1517 4777 1585 4830 ad
1621 4792 1822 4831 annum
1877 4779 2088 4849 periodi

528 4865 750 4918 Eulianae
784 4863 925 4918 4678
954 4865 1204 4934 adjicias,
1235 4867 1654 4923 exsistetannus
1682 4869 1889 4938 periodi
1911 4868 2086 4924 Julia-

521 4971 605 5008 uze
659 4953 820 5016 4755,
875 4971 985 5024 quo
1048 4971 1309 5012 excessus
1343 4957 1570 5027 Augusti
1623 4960 1868 5028 contigit.
1926 4961 2090 5030 Atqui

522 5047 776 5102 convenit
798 5048 943 5101 hunc
989 5062 1134 5101 anno
1172 5049 1380 5117 periodi
1411 5049 1643 5105 Juliaiiaa
1693 5051 1832 5104 4727
1864 5051 2086 5107 abiisse.

523 5138 694 5207 Igitur
721 5138 878 5191 annis
902 5145 1026 5193 octo
1058 5153 1239 5193 veram
1258 5141 1516 5210 epocham
1544 5151 1788 5195 moratur
1804 5142 2090 5211 Georgius.

597 5230 734 5284 llinc
764 5230 896 5284 illud
928 5231 1148 5298 accidit,
1179 5240 1237 5285 ut
1277 5232 1333 5285 in
1369 5234 1656 5288 annalibus
1695 5234 1912 5304 Georgii
1947 5234 2090 5306 Syn-

525 5322 670 5386 celli,
721 5329 776 5376 et
819 5321 914 5391 qui
945 5308 1065 5392 ejus
1113 5323 1453 5378 continuavit
1499 5339 1658 5394 Opus,
1700 5322 2088 5395 Theophanis;

526 5430 627 5469 nec
673 5430 783 5467 non
824 5413 986 5484 hujus
1038 5414 1352 5486 interpretis
1400 5415 1672 5482 Miscellze,
1713 5419 1840 5471 anni
1890 5417 2093 5475 Christi

524 5516 650 5559 octo
684 5506 866 5560 minus
907 5506 1192 5576 colligant,
1242 5523 1408 5578 quam
1456 5523 1565 5563 tera
1598 5511 1944 5566 communis:
1990 5527 2094 5568 nec

522 5606 682 5651 aliter
733 5597 1000 5654 Maximus
1033 5600 1289 5654 instituit.
1322 5599 1420 5654 llic
1451 5602 1596 5655 enim
1622 5601 1858 5658 Heraclii
1887 5619 2092 5661 annum

524 5704 652 5742 xxx:
687 5705 808 5743 cum
843 5707 987 5744 anno
1017 5692 1216 5748 Christi
1255 5693 1358 5746 655
1382 5694 1658 5763 componit
1690 5695 1745 5748 in
1769 5710 1914 5749 anno
1941 5713 2093 5750 com-

524 5780 705 5833 munis
743 5798 864 5836 aerze
897 5783 1032 5849 641,
1065 5793 1124 5837 ιιι
1159 5786 1320 5853 paulo
1370 5795 1491 5854 post
1531 5785 1766 5842 dicetur.
1823 5788 2090 5856 Georgius

523 5877 576 5922 et
618 5868 975 5941 Timophanes
1027 5889 1227 5928 annum
1275 5876 1447 5944 prium
1494 5876 1859 5932 'Diocletiani
1905 5879 2088 5933 mundi

2183 3344 2348 3400 quam
2411 3327 2582 3390 illius,
2651 3323 2898 3379 calculus
2960 3321 3214 3376 efﬁcitur.
3275 3319 3469 3372 Annus
3523 3317 3776 3386 exempli

2184 3435 2351 3474 causa
2390 3417 2578 3471 mundi
2617 3413 2762 3485 apud
2794 3413 3088 3468 Maximum
3117 3411 3256 3466 5155
3294 3409 3554 3464 detracﬁs
3603 3407 3776 3468 5500,

2183 3512 2288 3566 erit
2333 3511 2401 3564 ab
2453 3506 2836 3562 lncarnatione
2864 3504 2988 3559 655.
3026 3501 3285 3558 Deductis
3307 3515 3433 3555 vero
3463 3498 3635 3560 5492,
3673 3515 3778 3568 pu-

2185 3603 2390 3656 tabitur
2428 3599 2554 3663 641,
2595 3599 2662 3653 ad
2724 3613 2888 3668 quem
2947 3610 3136 3650 revera
3198 3593 3467 3648 Maximus
3495 3600 3778 3662 perpetuo

2184 3704 2494 3765 reSpectum
2525 3690 2739 3746 habuit.
2777 3687 2967 3759 Itaque
2997 3689 3052 3742 in
3098 3687 3256 3741 annis
3307 3685 3498 3739 mundi
3529 3699 3777 3739 consen-

2185 3786 2330 3839 tiunt
2357 3784 2518 3838 ambo
2547 3781 2811 3850 computi,
2842 3782 2896 3834 in
2925 3780 3085 3835 annis
3115 3778 3517 3834 lncarnationis
3545 3775 3777 3832 dissen-

2185 3874 2347 3926 tiunt.
2373 3871 2491 3926 Non
2547 3871 2747 3925 debent
2783 3869 2948 3940 igitur
2990 3867 3178 3922 mundi
3208 3881 3329 3921 terte
3377 3866 3462 3920 vel
3495 3865 3775 3935 computi,

2186 3965 2396 4021 censeri
2427 3965 2569 4029 duo;
2601 3963 2695 4018 sed
2724 3977 2868 4017 unus
2897 3961 3192 4026 duntaxat;
3217 3958 3376 4028 cujus
3413 3956 3480 4011 ad
3515 3958 3778 4013 diversos

2187 4072 2360 4112 annos
2407 4055 2609 4110 Christi
2650 4051 3058 4126 ἐνανθρώπησις
3088 4051 3360 4120 alligatur.
3407 4050 3594 4115 Quare
3653 4049 3780 4104 dua:

2187 4159 2423 4214 tantum,
2459 4148 2602 4218 quod
2632 4146 2968 4208 dicebamus,
2993 4143 3277 4212 praecipua:
3307 4149 3432 4196 sunt
3466 4156 3592 4195 aera:
3623 4139 3782 4195 Grai»

2187 4257 2397 4305 corum,
2427 4255 2620 4309 nempe
2657 4254 2786 4301 una,
2821 4237 2980 4306 cujus
3009 4237 3065 4290 in
3105 4250 3306 4289 annum
3356 4232 3496 4288 5495
3551 4233 3780 4303 primus

2190 4347 2366 4384 annus
2400 4345 2521 4384 terte
2559 4327 2919 4398 Dionysiante,
2973 4325 3057 4380 vel
3100 4323 3408 4379 communis
3458 4324 3730 4390 congruit
3762 4342 3777 4375 :

2187 4432 2242 4477 et
2265 4423 2453 4481 altera,
2489 4433 2610 4488 quae
2658 4418 2908 4472 eumdem
2941 4430 3143 4470 annum
3201 4422 3452 4468 numerat
3511 4412 3582 4466 ab
3638 4415 3782 4468 orbe

2191 4513 2411 4568 condito
2442 4509 2602 4566 5509.
2627 4508 2937 4563 Posteriore
2959 4507 3058 4560 hac
3085 4505 3307 4560 lsaacus
3325 4503 3637 4558 monachus
3667 4505 3782 4558 uti-

2120 4599 2163 4654 D
2193 4614 2314 4672 tur;
2345 4605 2439 4674 qui
2497 4618 2617 4672 cap.
2667 4600 2736 4656 lli
2765 4600 3007 4671 computi
3035 4614 3236 4653 annum
3269 4597 3454 4651 mundi
3483 4596 3626 4651 6881
3673 4614 3782 4651 nu-

2190 4705 2366 4753 merat
2412 4711 2559 4759 eum,
2614 4693 2705 4764 qui
2755 4693 3116 4762 aSeptembri
3169 4692 3333 4760 cmpit
3385 4690 3515 4744 anni
3558 4688 3782 4745 Christi

2192 4787 2354 4852 £579.,
2388 4801 2499 4857 quo
2531 4799 2674 4839 anno
2723 4782 2978 4839 Octobris
3007 4799 3159 4849 xxvt,
3215 4781 3347 4838 feria
3395 4797 3453 4834 ιιι
3497 4783 3778 4851 contigit;

2190 4878 2416 4950 proinde
2439 4877 2617 4931 littera
2634 4875 2674 4930 C
2698 4874 2818 4936 fuit,
2835 4890 2897 4928 ac
2917 4875 3172 4928 nimirum
3192 4888 3367 4928 annus
3384 4871 3591 4927 Christi
3607 4872 3776 4927 i372.

2191 4969 2436 5038 Demptis
2467 4966 2608 5021 5508
2635 4967 2701 5021 de
2729 4966 2890 5028 6881,
2926 4965 3117 5034 reliqui
3151 4973 3280 5019 sunt
3321 4964 3476 5027 1575,
3510 4965 3778 5034 quando-

2191 5059 2410 5128 quidem
2465 5071 2643 5111 aunus
2699 5055 3009 5110 Graacoruin
3067 5055 3202 5109 6881
3255 5055 3448 5125 majori
3479 5056 3571 5110 sui
3607 5065 3777 5125 parte

2193 5163 2318 5203 cum
2352 5147 2488 5202 1575
2511 5147 2714 5202 Christi
2736 5148 3046 5212 concurrit;
3078 5153 3171 5200 aut
3191 5161 3221 5200 a
3251 5160 3419 5200 verno
3447 5161 3644 5202 mense
3671 5165 3778 5202 an—

2192 5240 2249 5294 ni
2303 5239 2546 5306 ejusdem
2586 5253 2653 5293 ex
2699 5237 2973 5292 communi
3002 5237 3262 5292 methodo
3302 5237 3519 5292 illorum
3553 5237 3779 5308 incipit,

2192 5331 2273 5387 uti
2301 5347 2426 5385 mox
2454 5331 2754 5386 ostendam.
2775 5329 3039 5384 Praeterea
3065 5327 3210 5383 Gaza
3228 5330 3364 5384 libro
3382 5327 3455 5381 υτ
3473 5329 3778 5391 mensibus,

2191 5435 2294 5491 cap
2325 5419 2468 5488 XXI,
2502 5434 2702 5474 annum
2733 5417 2940 5473 Christi
2969 5415 3335 5470 Romanorum
3367 5415 3582 5468 calculo
3605 5414 3776 5472 1470.

2195 5511 2272 5566 ait
2297 5526 2329 5565 a
2359 5510 2563 5566 Graecis
2592 5509 2768 5580 putari
2803 5507 2992 5561 mundi
3023 5507 3184 5562 6978.
3219 5505 3381 5560 Deme
3413 5519 3590 5558 annos
3624 5505 3780 5559 5508

2193 5611 2404 5658 restant
2457 5602 2614 5657 1470.
2649 5600 2917 5667 Quocirca
2952 5613 3099 5660 cum,
3141 5607 3201 5652 ut
3239 5597 3396 5650 initio
3432 5596 3634 5664 capitis
3669 5595 3780 5648 hu-

2189 5695 2281 5765 jus
2331 5694 2688 5757 ostendimus,
2741 5691 2941 5747 diversi
2990 5690 3068 5744 illi
3114 5689 3354 5758 computi
3407 5695 3777 5750 censeantur,

2194 5788 2284 5859 qui
2319 5789 2384 5842 ad
2414 5787 2662 5842 eumdem
2698 5802 2899 5840 annum
2925 5800 3045 5841 aera.-
3071 5795 3273 5838 nostrae
3306 5781 3553 5836 diversas
3591 5795 3778 5834 anno-

2196 5895 2313 5935 rum
2365 5894 2608 5934 summas
2651 5878 2942 5948 colligunt;
2985 5875 3092 5929 duo
3148 5879 3293 5939 sunt,
3336 5888 3441 5925 non
3496 5878 3629 5931 tres,
3696 5871 3776 5924 illi
