4022 6398
311 484 440 533 14οι

309 707 431 745 mus
466 702 671 742 annum
703 701 849 749 eum,
880 686 970 754 qui
1007 685 1217 754 primus
1245 690 1328 736 est
1373 697 1495 736 tunc
1528 692 1748 746 nostra},
1779 696 1881 734 nu-

311 787 484 834 merat
534 778 602 831 ab
637 776 847 830 Adamo
875 773 1048 840 5493;
1080 773 1350 844 posterior
1376 771 1538 834 5509,
1573 785 1672 826 nec
1699 771 1882 840 plures

310 869 622 924 Graecorum
653 866 860 936 antiqui
891 865 1228 933 computista:
1257 872 1588 917 memorant:
1615 862 1704 931 qui
1737 860 1884 931 prio-

313 975 422 1014 rem
451 966 648 1013 vocant
696 957 837 1010 κατὰ
867 953 1280 1024 Ἀλεξανδρέας,
1317 969 1418 1010 nos
1459 939 1882 1008 Alexandrinam

311 1047 672 1118 appellemus;
693 1045 1050 1116 posteriorem
1081 1043 1222 1096 κατὰ
1262 1035 1588 1114 Ῥωμαίους,
1614 1058 1714 1097 nos
1739 1042 1885 1097 Con-

312 1137 880 1207 stantinopolitanam,
917 1149 947 1187 a
980 1148 1121 1188 nova
1176 1131 1350 1187 Roma
1401 1134 1766 1188 nominemus.
1803 1132 1883 1186 lta

312 1230 670 1300 Theophanes
703 1243 810 1281 non
835 1241 943 1280 uno
972 1225 1111 1280 loco.
1137 1224 1205 1277 At
1233 1223 1483 1295 Scaliger
1517 1239 1688 1278 novas
1717 1237 1884 1293 quas-

313 1322 436 1375 dam
477 1321 552 1373 uti
587 1319 827 1372 rationes
859 1330 1092 1370 aararum
1143 1314 1392 1376 istarum,
1438 1315 1519 1368 sic
1565 1313 1884 1383 appellatio-

313 1426 410 1464 nes
455 1407 802 1476 excogitavit,
841 1415 1104 1473 utrasque
1134 1413 1313 1458 autem
1343 1403 1571 1467 alienas,
1602 1411 1657 1456 et
1687 1402 1884 1456 absur-

313 1503 434 1561 das,
465 1514 600 1569 quas
623 1497 717 1552 lib.
752 1496 820 1550 IX
851 1495 925 1550 De
939 1495 1180 1550 doctrina
1210 1505 1520 1564 temporum,
1553 1508 1676 1564 cap.
1703 1492 1766 1557 γ,
1799 1507 1884 1548 re-

317 1591 573 1654 fellimus,
624 1603 687 1643 ac
737 1588 804 1643 de
834 1588 902 1642 iis
943 1587 1103 1658 paulo
1134 1594 1257 1656 post
1279 1586 1475 1640 iterum
1494 1599 1738 1655 agemus.
1765 1582 1883 1637 Erit

313 1681 406 1749 qui
437 1679 505 1732 ad
537 1679 658 1732 illas
686 1677 824 1732 duas
852 1678 1071 1730 tertiam
1096 1682 1249 1745 putet
1298 1673 1725 1745 adjungendam,
1761 1687 1882 1743 quae

313 1786 514 1824 annum
539 1768 955 1831 lncarnationis,
982 1776 1037 1823 et
1059 1767 1258 1822 natalis
1280 1773 1560 1835 computat
1588 1767 1658 1819 ab
1674 1764 1882 1818 Adamo

312 1861 470 1923 5507,
497 1855 662 1931 quam
687 1859 948 1914 adhibent
990 1865 1244 1913 auctores
1286 1857 1492 1926 aliqui,
1544 1863 1604 1910 ut
1644 1854 1881 1909 Alexan—

1295 469 1754 527 DISSERTATIO
1793 469 1880 524 DE
1912 467 2327 528 GRACORUM
2365 466 2571 524 ERIS.

310 600 622 652 Graecorum
658 595 936 664 computi;
971 606 1203 664 quorum
1249 591 1420 661 prior,
1464 597 1518 646 et
1563 589 1882 659 antiquissi-
1906 596 1958 651 Α

3419 467 3444 520 l
3456 466 3556 524 10!

2595 580 2828 639 CAPUT
2873 580 2938 640 ll.

1983 724 2061 778 De
2090 732 2334 792 computo
2365 721 2550 775 annali
2577 733 2827 792 veterum,
2871 720 3126 792 imprimis
3157 717 3400 792 Africani
3448 735 3557 792 me;-

2058 787 2217 847 tltodi'
2253 794 2476 846 vinculis
2515 791 2707 844 soluto.
2755 787 3005 858 Ejusdem
3046 790 3289 857 Africani
3330 787 3557 843 Chroni-

2054 881 2171 917 cum
2200 877 2328 930 opus
2357 864 2684 915 illustratur.
2712 860 2889 915 Photii
2924 861 3180 914 obscurus
3215 859 3359 914 locus
3389 858 3557 928 expli-

2053 945 2228 988 catur.
2265 932 2410 988 Cesti
2439 931 2702 1001 Africani.

2053 1045 2278 1100 Veteres
2309 1045 2366 1099 in
2409 1043 2619 1098 Graecia
2647 1042 2948 1100 Christiani
2980 1041 3036 1096 in
3065 1040 3223 1097 annis
3253 1041 3322 1094 ab
3348 1041 3556 1094 Adamo

1984 1139 2240 1209 putandis
2286 1137 2424 1201 sola,
2454 1151 2576 1206 quae
2622 1135 2680 1188 in
2714 1135 2890 1191 sacris
2939 1133 3096 1189 libris
3121 1139 3359 1196 exstant,
3388 1131 3559 1186 inter-

1982 1231 2124 1284 valla
2154 1229 2512 1299 spectabant;
2558 1242 2660 1282 nec
2699 1227 2924 1282 annales
2951 1234 3239 1296 computos
3285 1239 3416 1278 suos
3445 1223 3557 1278 ulla

1982 1320 2296 1392 paschalcm
2354 1319 2423 1373 ad
2479 1315 2796 1372 methodum
2850 1316 3052 1386 σχέσει,
3083 1314 3168 1369 vel
3196 1312 3429 1368 artiﬁcio
3454 1315 3558 1366 im-

1983 1413 2214 1484 plicatos
2261 1411 2576 1466 habebant:
2615 1411 2683 1464 ad
2713 1409 2858 1480 quod
2911 1407 3171 1477 deinceps
3215 1419 3558 1476 consequen-

1983 1505 2117 1559 tium
2149 1505 2270 1558 illos
2302 1512 2608 1574 temporum
2643 1501 2895 1558 formavit
2927 1498 3222 1554 industria.
3289 1496 3356 1553 Ut
3390 1497 3558 1567 igitur

1983 1597 2218 1668 quisque
2250 1597 2502 1668 pluribus
2536 1603 2631 1648 aut
2662 1591 3015 1664 paucioribus
3057 1589 3218 1646 annis
3257 1588 3434 1660 spatia
3463 1587 3557 1640 illa

1983 1687 2332 1752 terminabat,
2369 1686 2444 1739 ita
2495 1684 2733 1753 majores
2775 1682 3085 1737 minoresve
3117 1694 3362 1735 summas
3399 1677 3558 1731 adhi-

1982 1776 2162 1840 bebat,
2196 1790 2304 1846 qua
2354 1775 2424 1829 de
2468 1773 2791 1844 Opinionum
2838 1771 3102 1825 varietate
3133 1769 3341 1824 dictum
3384 1774 3468 1822 est
3499 1767 3557 1820 in

1984 1881 2130 1921 nono
2161 1866 2236 1920 De
2255 1866 2499 1920 doctrina
2528 1874 2840 1933 temporum,
2870 1875 2992 1930 cap.
3029 1858 3093 1913 ll.

311 1936 522 2005 driitum
560 1950 878 2014 chrouicon;
928 1965 1037 2004 uno
1067 1949 1250 2003 minus
1281 1946 1565 2002 Cedrenus
1605 1943 1880 2018 (pag.l44)

2056 1955 2201 2010 Inter
2244 1956 2344 2010 has
2378 1953 2612 2010 celebris
2645 1953 2737 2008 illa
2776 1950 2880 2005 fuit
2928 1947 3174 2004 Africani
3220 1945 3452 2017 antiqui,
3501 1953 3557 2000 et

312 2047 404 2118 qui
433 2060 576 2099 anno
605 2044 744 2100 5506
769 2043 823 2098 id
854 2057 976 2098 esse
1013 2041 1216 2095 factum
1249 2040 1469 2103 asserit,
1513 2045 1568 2092 et
1600 2038 1693 2108 qui
1740 2052 1884 2110 anno

311 2141 451 2197 5500
500 2149 678 2194 ortum
722 2139 970 2194 Christi:
1019 2139 1329 2208 passionem
1376 2136 1533 2204 ,5555
1577 2136 1883 2207 assignant,

309 2242 498 2282 errare
518 2224 820 2281 contendit.
856 2223 961 2279 Sed
1001 2224 1142 2278 hanc
1173 2239 1338 2278 eram
1371 2223 1440 2277 ab
1473 2222 1588 2287 illa,
1632 2237 1755 2292 quae
1801 2231 1887 2279 est

307 2321 504 2386 lsaaci,
566 2321 879 2391 discrepare
933 2334 1044 2374 non
1107 2318 1362 2383 arbitror,
1421 2317 1517 2373 sed
1575 2318 1631 2371 in
1694 2317 1884 2372 eodem

307 2424 569 2485 computo
595 2414 871 2469 diversum
897 2427 1098 2466 annum
1122 2409 1493 2465 lncarnationi
1518 2409 1882 2480 praestituere,

307 2517 441 2576 puta
474 2507 696 2562 biennio
720 2519 884 2560 teram
915 2517 1260 2558 communem
1284 2509 1641 2557 antevertere.

384 2667 496 2722 Etsi
551 2667 619 2722 de
660 2666 948 2720 amborum
1004 2665 1225 2720 illorum
1269 2663 1545 2719 sententia
1579 2662 1716 2717 nihil
1745 2662 1886 2717 certi

305 2757 573 2826 consequi
651 2770 980 2826 possumus,
1060 2759 1351 2824 propterea
1409 2753 1555 2823 quod
1638 2752 1887 2822 imperite

305 2848 494 2903 omnia
526 2847 882 2916 permiscent,
915 2852 970 2901 et
995 2859 1091 2900 eos
1114 2843 1579 2898 characterismos
1604 2842 1884 2906 adhibent,

305 2939 405 3009 qui
477 2937 768 2992 conciliari
841 2936 1079 2992 invicem
1133 2943 1434 3006 nequeunt.
1501 2933 1576 2989 De
1639 2932 1888 2988 Chronici

307 3029 668 3085 Alexandrini
695 3028 817 3083 labe
847 3026 1056 3082 dictum
1091 3033 1177 3082 est
1207 3027 1265 3080 in
1293 3023 1390 3080 Xll
1421 3023 1497 3079 De
1527 3023 1668 3078 doct.
1703 3033 1886 3092 temp.,

305 3138 434 3192 cap.
461 3121 530 3176 ιγ
556 3141 569 3177 :
595 3120 878 3176 Cedrenus
903 3119 1067 3190 paulo
1099 3118 1274 3189 magis
1303 3132 1538 3173 concors
1564 3124 1647 3172 est
1676 3131 1884 3172 secum.

307 3213 509 3267 Natum
553 3219 832 3268 asseverat
863 3212 1141 3266 Christum
1173 3225 1321 3264 anno
1351 3209 1546 3264 mundi
1577 3207 1742 3273 5506,
1780 3206 1886 3262 De-

306 3305 516 3360 cemhr.
550 3321 677 3366 xxv,
708 3303 845 3357 feria
877 3318 949 3358 tv.
996 3302 1124 3358 Fuit
1165 3317 1295 3374 ergo
1342 3302 1524 3356 littera
1575 3299 1637 3366 F,
1683 3309 1736 3356 et
1764 3313 1886 3354 esse

307 3402 495 3464 potest
525 3408 704 3447 annus
747 3391 960 3462 periodi
1001 3391 1233 3446 Iuliana:
1264 3390 1426 3455 47M,
1482 3389 1704 3445 biennio
1761 3395 1888 3443 ante

316 3501 669 3545 communem
714 3499 901 3540 teram.
937 3482 1134 3540 Postea
1169 3484 1505 3553 baptizatum
1549 3496 1672 3538 esse
1719 3471 1908 3536 refert”

308 3579 613 3636 indictione
648 3574 690 3642 Ι,
725 3589 872 3629 anno
906 3575 1096 3630 mundi
1152 3574 1312 3638 5556,
1349 3572 1595 3629 Januarii
1631 3587 1704 3639 vt,
1753 3570 1889 3626 feria

310 3686 348 3724 ν
373 3687 389 3736 ;
419 3668 524 3722 fuit
555 3680 686 3738 ergo
714 3667 896 3720 littera
931 3664 994 3730 Β,
1014 3672 1070 3722 et
1101 3665 1205 3720 hac
1231 3665 1442 3720 ratione
1470 3679 1648 3717 annus
1679 3660 1888 3732 periodi

309 3760 540 3816 Iuliana:
569 3758 743 3826 4742;
793 3756 886 3812 sed
918 3757 1147 3812 indictio
1193 3763 1326 3811 tunc
1369 3763 1486 3811 erat
1515 3770 1545 3808 a
1579 3752 1888 3824 Septembri

313 3856 367 3904 et
397 3848 659 3903 Januario
691 3863 749 3904 ιι.
787 3846 987 3902 Verum
1020 3854 1080 3903 ut
1108 3861 1138 3902 a
1166 3861 1335 3902 verno
1366 3861 1554 3902 mense
1580 3845 1761 3915 putari
1806 3845 1892 3898 in-

315 3940 503 4008 cipiat,
558 3941 734 4007 prima
785 3939 843 3992 in
890 3954 996 3994 usu
1050 3945 1168 3994 erat
1219 3934 1583 4002 Ianuar/v1;
1639 3931 1890 4002 sequenti

315 4047 463 4086 anno
515 4031 687 4096 5057,
743 4033 820 4085 ait
878 4031 1062 4086 lunam
1093 4030 1357 4086 decimam
1394 4037 1643 4099 quartam
1713 4025 1890 4080 Martii

319 4141 492 4189 xxvtt,
551 4125 686 4179 feria
729 4140 825 4178 Vll.
874 4121 999 4178 Fuit
1043 4138 1174 4194 ergo
1203 4122 1387 4177 littera
1424 4121 1487 4186 C,
1518 4120 1706 4192 cyclus
1748 4118 1891 4172 lunae

317 4232 374 4277 x,
406 4231 470 4270 ac
497 4212 727 4286 proinde
753 4213 982 4268 Juliante
1007 4213 1217 4284 periodi
1253 4228 1431 4268 annus
1461 4211 1622 4275 4741,
1656 4211 1767 4265 ἄνω
1801 4225 1895 4262 πο-

287 4308 529 4378 ταμῶν,
574 4305 719 4376 quod
753 4305 926 4360 aiunt.
973 4306 1191 4359 Annum
1239 4304 1500 4374 denique,
1553 4318 1666 4374 quo
1691 4315 1890 4373 passus

318 4408 402 4454 est
429 4399 707 4462 Christus,
737 4398 816 4452 ait
857 4412 981 4454 esse
1009 4397 1172 4462 5559,
1203 4412 1315 4469 quo
1347 4396 1527 4450 Martii
1561 4410 1722 4459 χχιιι,
1756 4392 1890 4449 feria

319 4507 374 4544 vt
407 4489 543 4556 fuit;
587 4499 640 4545 et
673 4491 884 4545 decima
926 4496 1120 4559 quarta
1171 4488 1354 4544 Martii
1403 4504 1551 4555 xxtv,
1602 4485 1739 4543 feria
1790 4501 1887 4540 vlt.

320 4573 450 4628 Erat
482 4592 612 4647 ergo
654 4575 836 4631 littera
894 4574 960 4642 G,
1006 4577 1193 4648 cyclus
1219 4592 1351 4632 vero
1404 4576 1547 4630 luna:
1590 4591 1689 4630 xttt
1720 4593 1735 4630 :
1769 4589 1890 4645 quae

321 4678 632 4739 congruunt
685 4669 742 4723 in
788 4683 993 4724 annum
1033 4669 1240 4738 periodi
1289 4668 1518 4724 Julianae
1561 4668 1704 4724 4744
1738 4686 1751 4722 :
1784 4683 1893 4740 quo

322 4776 514 4815 revera
547 4777 744 4830 passus
795 4769 880 4817 est
925 4775 993 4816 ex
1046 4759 1336 4830 Epiphanii
1371 4768 1426 4816 et
1468 4760 1703 4815 aliorum
1745 4766 1896 4815 vete-

324 4865 443 4904 rum
496 4850 752 4920 Opinione
802 4850 1078 4907 Christus.
1134 4849 1499 4917 Quamobrem
1555 4849 1924 4906 lncarnatiow

324 4959 446 4998 nem
473 4943 687 4999 Domini
707 4943 990 4999 Cedrenus
1013 4943 1252 5001 triennio
1281 4952 1407 4997 ante
1433 4942 1710 5012 vulgarem
1731 4955 1895 4995 teram

324 5037 538 5106 posuit;
574 5036 884 5106 passionem
913 5044 1118 5100 autem,
1151 5049 1298 5088 anno
1322 5035 1568 5104 ejusdem
1600 5048 1723 5088 aera:
1744 5048 1893 5086 xxxi.

330 5126 480 5182 [ade
513 5144 621 5182 non
653 5137 738 5183 est
779 5128 1000 5193 mirum,
1037 5141 1242 5181 annum
1274 5127 1426 5181 illum
1472 5124 1895 5190 incarnationis,

327 5218 465 5273 5506
496 5219 564 5273 ab
591 5220 686 5273 illo
715 5219 894 5289 pttta.‘2
927 5220 982 5274 in
1015 5234 1124 5274 tera
1152 5217 1784 5287 Constantinopolitana.
1837 5213 1896 5268 Si

325 5317 469 5370 enim
498 5323 611 5372 tres
643 5331 819 5372 annos
849 5315 1100 5385 adjicias,
1131 5315 1222 5370 fiet
1251 5329 1426 5370 annus
1459 5312 1599 5368 5509
1625 5313 1898 5367 Constan-

329 5406 758 5476 tinopolitanus;
789 5404 1019 5460 Juliana:
1053 5404 1263 5475 periodi
1290 5403 1452 5466 4714,
1485 5402 1576 5473 qui
1610 5409 1694 5458 est
1731 5400 1896 5472 ipsis-

329 5499 499 5551 simus
531 5512 653 5551 terte
704 5497 1034 5553 communis;
1090 5494 1210 5550 Non
1267 5502 1351 5550 est
1400 5494 1566 5565 igitur
1607 5500 1898 5564 computus

329 5589 501 5655 alius;
535 5589 629 5644 sed
658 5588 902 5656 ejusdem
930 5588 1170 5657 computi
1217 5602 1390 5642 annos
1436 5586 1685 5642 diversos
1713 5587 1898 5641 lncar-

328 5681 534 5736 nationi
579 5679 852 5750 praetiniit.
903 5679 983 5733 Ex
1031 5680 1115 5734 his
1161 5679 1322 5733 facile
1369 5686 1453 5734 est
1502 5677 1720 5734 odorari
1779 5693 1899 5748 qua:

331 5782 713 5843 computorum
766 5772 996 5827 istorum
1048 5773 1202 5844 origo
1239 5771 1445 5827 fuerit:
1480 5771 1626 5842 quod
1681 5772 1733 5826 in
1782 5787 1896 5842 seq.

334 5881 448 5936 cap.
487 5865 873 5921 declarabitur.

1912 3269 1954 3326 C

1983 2046 2184 2101 eruditi
2214 2043 2556 2114 chronologi,
2588 2041 2683 2112 qui
2719 2039 2996 2094 Christum
3023 2051 3175 2092 anno
3205 2035 3392 2091 mundi
3419 2033 3553 2090 5501

1983 2138 2328 2193 incarnatum
2361 2150 2484 2191 esse
2504 2175 2518 2200 ,
2571 2148 2794 2204 passum
2825 2145 2956 2186 vero
3005 2126 3368 2196 555l,'aetatis
3393 2126 3560 2180 trice-

1987 2229 2127 2284 simo
2177 2228 2356 2300 primo
2407 2226 2632 2281 circiter
2672 2223 2952 2280 asseruit:
2998 2228 3052 2276 et
3089 2221 3354 2291 originem
3411 2219 3560 2275 dedit

1986 2335 2109 2376 mra:
2160 2320 2263 2384 illi,
2321 2335 2484 2389 quam
2525 2316 2952 2372 Alexandrinam
2991 2313 3252 2384 appellari
3296 2311 3556 2368 diximus.

1985 2411 2158 2478 Quem
2188 2411 2336 2465 illius
2366 2417 2682 2479 computum
2733 2407 2879 2462 nacti
2923 2405 3153 2477 posteri,
3188 2403 3431 2460 auctoris
3472 2403 3559 2460 sui

1989 2503 2400 2573 chron010giam
2440 2499 2862 2570 interpolarunt,
2893 2512 2957 2551 ac
2989 2495 3294 2552 foedissime
3336 2503 3560 2551 contur-

1986 2595 2202 2651 barunt.
2236 2591 2370 2646 Nam
2407 2592 2595 2648 decem
2624 2591 2846 2645 circiter
2879 2587 3038 2642 annis
3063 2588 3131 2643 ab
3159 2588 3283 2659 ejus
3310 2587 3520 2659 epocha
3541 2627 3558 2653 ,
3599 2661 3602 2664 ξ

1985 2702 2017 2741 a
2048 2685 2376 2757 Dionysiana
2424 2694 2606 2738 autem
2645 2687 2795 2744 octo,
2853 2679 3059 2736 Christi
3106 2678 3324 2734 Domini
3376 2678 3563 2733 lncar-

1985 2777 2263 2831 nationem
2305 2774 2714 2830 abstraxerunt.
2747 2769 2804 2825 ld
2834 2785 2943 2840 qua
2975 2769 3191 2825 ratione
3216 2769 3288 2824 sit
3312 2767 3518 2823 factum
3541 2807 3558 2833 ,

1985 2877 2040 2924 et
2064 2883 2185 2938 qua;
2215 2867 2430 2922 sincera
2463 2865 2611 2918 illius
2641 2862 2829 2934 opinio
2867 2861 3056 2925 fuerit,
3086 2861 3420 2931 investigare
3450 2875 3562 2914 non

1985 2961 2112 3024 erit,
2162 2959 2380 3030 opinor,
2431 2956 2710 3011 alienum:
2757 2954 2869 3009 imo
2922 2967 3055 3009 vero
3104 2951 3449 3009 Graecanicas
3491 2950 3562 3005 ad

1984 3063 2123 3106 teras
2161 3047 2542 3118 intelligendas
2586 3044 2883 3115 plurimum
2925 3043 3074 3101 illius
3102 3043 3384 3114 inquisitio
3412 3042 3564 3098 utili-

1985 3142 2116 3197 tatis
2148 3140 2360 3195 aﬂ'eret.

2061 3227 2264 3283 Scribit
2293 3227 2652 3302 Hieronymus
2677 3227 2732 3282 in
2769 3237 2931 3296 caput
2960 3243 3016 3281 tx
3044 3225 3310 3289 Danielis,
3345 3224 3563 3278 Africa-

1988 3336 2119 3376 num
2159 3321 2506 3376 existimasse
2548 3319 2756 3375 Christi
2808 3317 3026 3373 Domini
3074 3316 3385 3388 passionem
3419 3329 3564 3370 anno

1989 3413 2181 3483 quinto
2204 3412 2419 3467 decimo
2458 3410 2664 3467 Tiberii
2698 3409 2934 3465 Caesaris
2963 3408 3234 3464 accidisse
3268 3426 3281 3463 :
3310 3421 3469 3478 quem
3494 3406 3564 3459 ab

1987 3503 2124 3560 orbe
2151 3504 2373 3559 condito
2407 3503 2540 3559 555i
2578 3516 2922 3565 numerasse,
2957 3501 3134 3558 aetatis
3161 3500 3366 3556 Christi
3398 3500 3564 3556 trice-

1989 3595 2188 3652 simum
2233 3595 2474 3664 primum
2527 3591 2770 3657 circiter,
2801 3589 3071 3662 Georgius
3102 3589 3388 3662 Syncellus
3421 3588 3565 3645 αἰξὶν-

1988 3694 2121 3744 mat.
2167 3686 2404 3743 .Photius
2436 3702 2567 3742 vero
2610 3702 2740 3741 num
2788 3684 3008 3741 XXXIV
3046 3684 3218 3740 refert
3245 3683 3564 3740 Africanum

1988 3794 2128 3851 opus
2171 3779 2496 3835 historicum
2543 3779 2784 3834 edidisse
2815 3777 3054 3833 divisum
3099 3777 3156 3832 in
3189 3777 3361 3833 libros
3402 3776 3568 3846 quin-

1988 3886 2128 3943 que;
2151 3870 2352 3943 quibus
2375 3877 2618 3939 tempora
2648 3869 2832 3924 omnia
2859 3867 3181 3938 complexus
3203 3875 3309 3933 est,
3336 3883 3365 3921 a
3388 3867 3566 3938 prima

1989 3979 2172 4021 rerum
2200 3963 2412 4035 origine
2449 3963 2516 4017 ad
2537 3960 2744 4016 Christi
2775 3960 3098 4032 παρουσίαν,
3129 3959 3234 4014 hoc
3263 3967 3350 4016 est
3381 3957 3568 4014 lncar-

1989 4058 2290 4119 nationem,
2323 4055 2460 4110 nihil
2493 4064 2552 4109 ut
2583 4070 2764 4109 rerum
2805 4054 3241 4110 necessariarum
3270 4054 3564 4118 omitteret,

1991 4147 2306 4205 summatim
2355 4153 2555 4200 cuncta
2589 4144 2959 4216 perscribens.
3000 4142 3133 4199 Inde
3157 4157 3288 4200 vero
3329 4141 3398 4198 ad
3441 4141 3560 4196 Ma-

1990 4241 2133 4296 crini
2165 4238 2454 4308 imperium
2487 4238 2695 4308 reliqua
2724 4236 3138 4308 perstrinxisse,
3171 4241 3334 4305 atque
3373 4233 3478 4288 hoc
3509 4233 3566 4287 in

1990 4344 2157 4402 opere
2198 4335 2457 4383 testatum
2505 4342 2565 4383 se
2611 4341 2785 4381 annos
2838 4324 2907 4379 ab
2949 4324 3156 4378 Adamo
3203 4319 3566 4391 comprehen-

1991 4422 2140 4478 disse
2170 4419 2332 4498 5725.
2364 4417 2510 4473 Idem
2542 4426 2776 4473 testatur
2803 4423 2858 4472 et
2885 4414 3154 4486 Georgius
3186 4411 3473 4484 Syncellus
3507 4412 3564 4466 in

1990 4511 2276 4584 Excerptis
2307 4509 2572 4581 Scaligeri
2606 4512 2750 4581 (pag.
2783 4509 2898 4574 '59),
2946 4509 3038 4564 ubi
3080 4523 3147 4562 ex
3191 4507 3452 4560 Africano
3478 4518 3568 4559 re-

1923 4612 1968 4668 D
1996 4606 2104 4662 fert
2135 4605 2205 4659 ad
2237 4601 2599 4676 Olympiadem
2635 4616 2809 4672 usque
2833 4615 2930 4655 ccr.
2967 4599 3261 4654 archontas
3295 4597 3364 4652 ab
3401 4594 3567 4650 Athe-

1995 4696 2286 4753 niensibus
2311 4693 2588 4751 numerari
2626 4692 2752 4758 905,
2784 4707 2815 4747 a
2849 4690 3105 4760 Creonte,
3133 4691 3224 4762 qui
3255 4687 3570 4761 olympiade

1997 4805 2097 4845 xix
2144 4785 2398 4859 praefuit;
2445 4793 2781 4857 postremum
2830 4799 2959 4839 vero
2991 4783 3161 4839 fuisse
3201 4780 3475 4836 Pbilinum
3504 4795 3568 4834 ea

2002 4891 2166 4947 quam
2205 4877 2320 4930 dixi
2348 4874 2676 4946 Olympiade,
2712 4874 3033 4930 consulibus
3067 4871 3236 4928 Grato
3271 4870 3570 4927 Sabiniano

1995 4976 2048 5022 et
2078 4966 2445 5035 Seleuco;qui
2471 4980 2502 5018 a
2525 4965 2692 5020 Bruto
2715 4967 2969 5021 consules
3002 4964 3153 5020 fuere
3175 4963 3300 5017 7'25.
3336 4961 3564 5018 Demum

1996 5057 2179 5128 colligi
2203 5059 2348 5127 (pag.
2381 5056 2468 5124 57)
2491 5070 2664 5110 annos
2691 5055 2830 5110 5725
2852 5055 2920 5110 ad
2946 5055 3165 5110 tertium
3190 5068 3412 5115 annum,
3452 5054 3570 5104 ’Av-

1996 5147 2241 5211 τωνίνου,
2274 5148 2369 5199 καὶ
2411 5143 2703 5214 Αὑγέντου.
2736 5142 2976 5197 Marcum
3007 5142 3343 5196 Antoninum
3371 5138 3565 5208 Alaga-

1998 5239 2183 5295 balum
2201 5238 2501 5308 ‘intelligit.
2534 5235 2590 5290 In
2636 5235 2831 5291 iisdem
2865 5233 3254 5305 Scaligerianis
3297 5229 3568 5300 excerptis

1999 5331 2367 5404 fragmentum
2397 5328 2645 5383 Africani
2675 5327 2871 5398 legitur
2901 5326 2970 5381 de
2996 5322 3397 5395 olympiadibus
3419 5320 3566 5390 (pag.

1999 5425 2124 5496 517)
2151 5443 2166 5480 :
2198 5423 2253 5477 in
2285 5437 2397 5494 quo
2430 5421 2574 5492 apud
2611 5419 2973 5474 Athenienses
2994 5417 3048 5471 in
3076 5413 3445 5487 olympiadum
3472 5413 3569 5493 de:

2000 5517 2300 5588 scriptione
2347 5514 2692 5569 Stadionicas
2744 5513 2821 5564 ait
2860 5507 3168 5580 percenseri
3215 5505 3342 5569 248,
3391 5517 3568 5585 annos

2002 5609 2128 5666 989.
2189 5607 2294 5663 Sed
2349 5608 2403 5661 in
2473 5603 2849 5676 Ὀλυμπιάδων
2899 5602 3186 5671 ἀναγραφῇ
3239 5599 3404 5654 etiam
3459 5594 3566 5650 249

2001 5697 2328 5770 Olympiadis
2382 5695 2751 5751 Stadionicam
2813 5701 3062 5748 recenset
3093 5689 3355 5760 Scaliger.
3409 5686 3462 5740 Si
3499 5687 3567 5742 dc

2005 5791 2162 5844 annis
2201 5790 2268 5843 ab
2302 5789 2507 5841 Adamn
2531 5786 2669 5842 5725
2702 5784 2922 5840 auferas
2955 5783 3127 5846 5500,
3168 5781 3369 5837 residui
3405 5785 3564 5833 erunt

2003 5883 2109 5938 2:23
2139 5883 2208 5937 ab
2235 5878 2616 5936 incarnatione
2653 5877 2862 5934 Domini
2900 5875 3196 5932 secundum
3223 5872 3542 5927 Africanam
