4022 6398
445 354 626 436 'itos

1515 386 1604 440 an
1646 385 1918 445 EUSEBll
1957 353 2352 446 CHRONICON
2397 389 2752 446 APPENDIX.

3603 395 3764 452 1404

487 499 594 556 Sed
642 515 819 556 annus
851 501 1050 556 tertius
1102 502 1384 573 Alagabah
1436 518 1561 560 terte
1609 510 1920 564 communis
1976 520 2062 565 est
2092 523 2330 581 Aporro
2383 509 2626 566 Geminis
2683 506 2898 564 duobus
2958 522 3099 566 coss.
3159 524 3304 566 anno
3365 509 3576 567 Tiberii
3634 527 3762 572 xv:

483 595 612 654 221,
648 595 701 647 in
742 609 902 663 quem
959 602 1014 647 et
1056 593 1164 649 250
1211 597 1481 666 olympias
1523 599 1780 657 incurrit.
1838 602 2065 658 Biennio

486 688 671 756 itaque
701 683 1086 754 Dionysi'anam
1117 685 1378 754 epocham
1427 691 1718 745 antevertit
1744 692 2060 758 Africanus,

485 785 540 831 et
591 775 1028 829 lnrarnationem
1079 774 1298 830 Domini.
1339 780 1570 834 contulit
1611 782 1667 836 in
1726 798 1926 838 annum
1967 801 2063 855 pe-

486 869 625 922 riodi
651 866 882 922 Julianaa
913 868 1078 922 4712.
1115 869 1268 934 Quod
1301 871 1524 942 insuper
1553 889 1620 929 ex
1655 890 1800 931 anno
1843 877 2066 934 Passio—

487 961 576 1016 nis
625 959 694 1013 ab
736 959 926 1014 eodem
962 960 1237 1017 Africano.
1259 965 1562 1019 constituto
1589 967 1882 1038 colligitur.
1931 969 2065 1024 Nam

488 1053 534 1106 si
567 1052 778 1107 decimo
825 1053 1288 1123 quiuto_Tiberii,
1335 1070 1531 1126 nempe
1570 1055 1814 1115 Geminis
1853 1061 2069 1118 duobus

488 1158 634 1199 coss.
697 1159 892 1214 passus
938 1152 1024 1200 est
1082 1150 1226 1214 (qua:
1281 1146 1383 1200 fuit
1414 1149 1771 1216 plurimorum
1813 1160 2058 1207 veterum

441 1291 448 1300 ,
491 1236 806 1303 sententia).
832 1245 887 1290 et
919 1235 967 1290 is
997 1250 1176 1290 annus
1202 1236 1390 1291 mundi
1421 1239 1555 1293 5551
1587 1241 1656 1294 ab
1680 1240 1943 1298 Africano
1968 1261 2072 1298 nu-

490 1336 736 1382 metatus
781 1333 901 1394 est,
925 1341 1052 1381 cum
1098 1325 1538 1384 lncarnationem
1588 1347 1734 1388 anno
1785 1333 1919 1390 5501
1972 1337 2074 1390 tri-

493 1421 730 1486 buisset,
776 1428 1056 1475 ut.-auctor
1083 1429 1168 1475 est
1196 1419 1462 1490 Georgius
1493 1421 1778 1494 Syncellns
1809 1445 1823 1481 :
1857 1442 1982 1481 cum
2017 1427 2072 1482 in

492 1527 698 1567 annum
752 1528 876 1567 εει-ω
925 1513 1249 1568 Christianae
1295 1513 1385 1577 29,
1423 1515 1540 1570 sive
1585 1518 1795 1586 periodi
1844 1517 2074 1575 Iuliana;

492 1604 634 1659 4742
670 1606 994 1659 consulatus
1043 1603 1398 1659 Geminorum
1454 1616 1767 1679 competat;
1821 1609 2073 1667 deductis

494 1696 657 1752 annis
685 1695 755 1750 50
794 1696 862 1750 de
903 1695 1069 1762 4742,
1118 1698 1363 1767 reliquus
1399 1698 1506 1753 erit
1537 1696 1936 1756 lncarnatiouis
1970 1719 2072 1756 an-

495 1805 599 1844 nus
645 1787 787 1842 4712
830 1788 883 1842 in
933 1787 1148 1842 Juliana
1195 1788 1440 1858 periodo.
1473 1789 1677 1845 Verum
1724 1793 1866 1861 apud
1910 1792 2075 1850 Euse-

2169 600 2357 656 mundi
2399 603 2540 657 5550
2593 609 2847 662 exeunte,
2883 616 3043 671 quem
3098 600 3230 655 5551
3292 602 3459 670 Aprili
3515 603 3765 657 circiter

2167 693 2416 761 excepit;
2479 707 2697 761 passum
2748 692 2984 762 denique
3033 706 3178 746 anno
3227 693 3411 745 mundi
3454 691 3769 747 desinente

2168 783 2328 846 5551,
2379 793 2644 852 sequente
2691 783 2831 838 5552
2873 797 2902 836 a
2944 781 3232 846 Paschate,
3273 783 3357 838 vel
3387 782 3562 852 Aprili
3616 783 3768 836 anni

2169 874 2374 930 Christi
2425 876 2731 930 communis
2775 875 2866 938 50,
2898 875 3104 930 Tiberii
3155 889 3267 939 xvr,
3317 882 3370 929 et
3415 875 3768 946 Olympiadis

2167 979 2274 1018 ccu
2326 979 2470 1019 anno
2518 964 2760 1018 secundo
2808 964 3049 1019 nondum
3093 963 3162 1020 ab
3205 963 3406 1018 aestivis
3454 964 3768 1020 mensibus

2170 1055 2462 1122 inchoato;
2502 1055 2596 1109 sed
2627 1055 2768 1108 κατὰ
2811 1055 3091 1126 πρόληψιν,
3117 1069 3147 1110 a
3188 1052 3467 1119 Januario,
3503 1066 3608 1110 aut
3639 1055 3767 1109 alio

2170 1148 2427 1218 quopiam
2473 1149 2630 1202 initio
2660 1149 2945 1219 popularis
2965 1147 3116 1211 anni,
3151 1162 3260 1218 quo
3289 1162 3421 1202 usus
3462 1156 3551 1202 est
3603 1147 3769 1200 Afri-

2171 1253 2364 1294 canus.
2409 1237 2625 1295 Scimus
2655 1241 2798 1296 enim
2833 1239 3172 1312 olympiadas
3213 1254 3636 1308 nonnunquam,
3671 1247 3765 1302 et,

2171 1333 2318 1403 quod
2361 1347 2706 1402 consequens
2737 1341 2842 1399 est,
2875 1333 3191 1403 Olympiaca
3238 1331 3612 1388 tetraeteridis
3657 1346 3772 1385 an-

2173 1440 2276 1480 nos
2303 1441 2414 1480 non
2445 1425 2513 1480 ab
2546 1425 2685 1496 ipso.
2706 1434 2947 1495 tempore
2974 1439 3228 1496 agonum,
3266 1425 3358 1481 sed
3402 1439 3440 1478 a
3484 1425 3768 1494 populari

2173 1517 2452 1572 civitatum
2485 1531 2710 1572 suarum
2757 1516 2983 1572 exordio
3015 1532 3045 1570 a
3098 1517 3378 1588 plerisque.
3413 1517 3705 1571 nmnerari
3742 1537 3760 1569 :

2175 1607 2249 1662 ita
2278 1617 2338 1662 ut
2367 1610 2420 1662 in
2454 1624 2723 1664 annorum
2746 1610 2928 1664 exitus
2952 1608 3065 1663 ludi
3090 1609 3192 1677 ipsi
3225 1616 3645 1665 concurrerent.
3675 1605 3766 1661 Ita

2175 1715 2353 1756 annus
2402 1701 2593 1756 mundi
2624 1701 2786 1765 5725,
2835 1703 2952 1756 sive
2981 1701 3048 1754 ab
3077 1698 3456 1755 lucarnatione
3481 1700 3618 1765 225,
3649 1701 3770 1755 erit

2176 1789 2486 1844 communis
2517 1804 2638 1844 serae
2664 1788 2792 1851 221,
2819 1795 2873 1843 et
2899 1787 3177 1858 Alagabali
3208 1789 3422 1844 tertius.

497 1882 645 1935 bium
697 1895 793 1934 vui
845 1879 920 1936 De
980 1880 1266 1936 demonstr.
1321 1882 1466 1952 (pag.
1537 1881 1664 1952 245)
1709 1858 2074 1952 fragmentum
2105 1858 2147 1913 Β
2245 1877 2511 1944 Quocirca
2543 1879 2636 1948 qui
2667 1877 2983 1932 Africanum
3013 1878 3256 1932 referunt
3288 1880 3604 1948 passionem
3644 1879 3766 1934 Do-

499 1973 650 2027 aliud
675 1975 917 2029 occurrit
944 1974 1187 2029 Africani
1220 1974 1288 2030 de
1314 1974 1577 2031 Passione
1605 1975 1840 2044 Domini,
1890 1987 1944 2034 et
1969 1977 2075 2034 Da-

499 2061 658 2116 nielis
690 2060 1120 2119 hebdomadibus
1139 2081 1154 2131 ;
1173 2065 1228 2118 in
1251 2080 1360 2134 quo
1381 2066 1564 2134 passio
1598 2067 1887 2137 conjicitur
1909 2069 1962 2124 in
1982 2085 2074 2125 an-

505 2167 635 2206 num
681 2155 979 2208 secundum
1006 2154 1340 2224 Olympiadis
1357 2156 1484 2221 202,
1520 2157 1721 2213 Tiberii
1759 2175 1871 2214 va.

566 2243 724 2298 Hunc
778 2245 956 2314 ipsum
1003 2245 1246 2302 Africani
1296 2249 1479 2304 locum
1527 2265 1666 2320 pene
1722 2251 1791 2305 ad
1848 2252 2070 2307 verbum

495 2333 789 2403 exscripsit
820 2333 1186 2405 Hieronymus
1233 2335 1290 2390 in
1326 2337 1750 2394 Commentariis
1794 2339 1860 2394 ad
1911 2348 2074 2410 caput

496 2425 569 2480 IX
616 2425 875 2493 Danielis,
903 2434 959 2482 et
1008 2434 1189 2482 tamen
1228 2429 1501 2483 decimum
1558 2431 1806 2500 quintum
1869 2429 2072 2486 Tiberii

496 2521 712 2590 posuit;
741 2535 870 2583 non,
916 2527 976 2574 ut
1021 2530 1108 2576 est
1153 2523 1207 2575 in
1251 2519 1464 2585 Graeco,
1517 2520 1790 2577 decimum
1831 2532 2069 2578 sextum.

496 2612 822 2682 Quanquam
861 2612 969 2667 nisi
999 2612 1332 2684 olympiadis
1375 2628 1553 2668 annus
1583 2614 1868 2684 appositus
1905 2621 2069 2677 esset,

495 2705 795 2760 conciliare
845 2703 952 2758 ista
988 2704 1149 2760 facile
1183 2719 1494 2775 possemus,
1531 2705 1734 2775 quippe
1779 2721 1958 2761 annus
2002 2723 2070 2760 xv

496 2795 728 2865 Tiberii,
775 2796 820 2851 si
865 2797 935 2852 ab
969 2798 1217 2868 Augusto
1252 2813 1441 2853 mense
1475 2805 1719 2868 putetur.
1763 2814 1873 2868 quo
1901 2798 2072 2868 impe-

496 2903 623 2944 rare
655 2889 857 2960 cmpit;
899 2889 1023 2943 iniit
1073 2903 1222 2943 anno
1251 2887 1464 2944 Christi
1486 2889 1578 2954 28,
1625 2891 2072 2960 quartoJabente

497 2978 828 3049 olympiadis
879 2977 1010 3042 201,
1068 2985 1124 3033 et
1178 2977 1246 3033 ad
1297 2978 1618 3050 Angustum.
1663 2997 1917 3037 mensem.
1941 2981 2070 3036 anni

495 3068 700 3124 Christi
727 3069 797 3124 29
827 3071 1182 3125 continuatus
1217 3079 1320 3136 est,
1357 3087 1468 3142 quo
1489 3073 1598 3127 duo
1631 3071 1842 3128 Gemini
1870 3089 2071 3130 consu-

495 3161 575 3216 les
622 3173 802 3216 erant.
845 3163 934 3218 lta-
975 3180 1047 3219 xv
1079 3163 1284 3217 Tiberii
1320 3179 1518 3232 passus
1563 3166 1668 3220 erit
1711 3166 1988 3230 Christus.
2021 3168 2066 3221 si

2173 1967 2307 2024 mini
2361 1981 2505 2021 anno
2562 1968 2755 2023 Adami
2801 1967 2975 2031 5551,
3025 1967 3424 2024 lncarnationis
3469 1969 3530 2024 51
3592 1972 3768 2024 attri-

2173 2057 2382 2121 buisse,
2410 2057 2477 2112 de
2498 2057 2656 2112 annis
2680 2057 3059 2114 desinentibus
3093 2058 3392 2128 intelligere
3417 2059 3763 2115 debuerunt.

2173 2144 2307 2200 Nam
2339 2147 2667 2214 baptismum
2714 2148 2782 2202 ab
2831 2163 2898 2203 eo
2943 2149 3202 2202 collatum
3233 2164 3354 2204 esse
3391 2151 3448 2204 in
3482 2153 3764 2206 consula—

2173 2247 2288 2294 tum
2351 2237 2702 2294 Geminorum
2755 2240 3230 2314 verisimilegest;
3282 2257 3405 2296 cum
3472 2258 3560 2298 ex,
3602 2242 3763 2298 Luca

2173 2339 2387 2386 constet
2415 2345 2560 2385 anno
2608 2347 2678 2384 xv
2724 2329 2926 2386 Tiberii
2961 2332 3110 2387 istud
3136 2333 3417 2401 evenisse;
3455 2335 3656 2399 autsi,
3695 2343 3764 2388 ut

2172 2419 2532 2492 Epiphanius,
2563 2431 2630 2478 et
2661 2424 2751 2477 alii
2781 2424 3024 2494 quidam,
3066 2421 3354 2480 Novembri
3390 2441 3605 2488 mense.
3640 2442 3762 2481 non

2173 2521 2330 2569 sexto
2347 2512 2612 2579 Januarii,
2639 2514 2705 2568 ad
2730 2515 3058 2586 baptismum
3085 2518 3302 2572 venisse
3323 2516 3576 2583 credidit,
3604 2533 3761 2573 anno

2172 2605 2482 2659 communis
2509 2620 2632 2659 terte
2662 2622 2865 2672 xxvul;
2918 2616 3065 2662 certe
3116 2607 3245 2662 hinc
3299 2607 3368 2661 ad
3424 2609 3759 2677 passionem

2172 2697 2382 2751 solidus
2412 2711 2591 2752 annus
2621 2698 2977 2768 interpositus
3005 2708 3126 2764 est,-
3145 2715 3268 2754 cum
3311 2703 3756 2757 annumsaltem

2171 2802 2340 2842 unum
2369 2790 2436 2859 τῇ
2467 2788 2702 2860 ,κηρύξει
2733 2789 3025 2844 Africanus
3063 2791 3430 2859 imputaverit.
3468 2791 3666 2861 Atqui,
3701 2794 3754 2848 si

2171 2879 2492 2934 consulibus
2533 2880 2670 2950 ipsis
2700 2879 2942 2937 Geminis
2984 2881 3180 2937 Martio
3209 2898 3400 2951 mense
3425 2900 3631 2955 passus
3668 2887 3758 2942 fo-

2170 2977 2276 3034 ret,
2298 2979 2409 3025 tres
2439 2971 2508 3026 ab
2536 2970 2821 3038 Januario,
2849 2973 2932 3028 vel
2962 2989 2990 3027 a
3021 2971 3312 3030 Novembri
3339 2979 3588 3048 quinque
3620 2979 3760 3034 dun-

2171 3069 2321 3116 taxat
2351 3077 2568 3118 menses
2593 3062 2796 3119 Christi
2827 3065 3142 3134 praedicatio
3170 3075 3399 3124 teneret.
3425 3067 3589 3137 Quod
3611 3071 3761 3127 Alri-

2171 3166 2370 3206 canum
2407 3155 2648 3211 sensisse
2677 3171 2785 3210 non
2816 3157 3075 3212 arbitror.

498 3252 582 3307 bis
610 3254 934 3310 consulibus
969 3255 1253 3311 acciderit.
1285 3207 1382 3310 Sin
1410 3263 1515 3324 est,
1543 3265 1602 3311 ut
1631 3207 2068 3313 Christianorhm
2097 3207 2142 3268 Ο
2245 3243 2352 3300 sed
2381 3245 2489 3301 duo
2519 3256 2649 3302 sum
2693 3248 2746 3301 in
2794 3249 2886 3303 m0
2919 3248 3159 3304 Africani
3200 3253 3437 3317 θδιουιον
3469 3271 3640 3324 quem
3685 3275 3754 3312 ει

495 3348 768 3406 veterum.
817 3344 1161 3414 aliorumque
1212 3361 1388 3410 more,
1435 3361 1607 3402 annos
1661 3346 1867 3403 Tiberii
1905 3363 1936 3402 a
1967 3348 2071 3403 Pa-

497 3433 673 3488 schali
702 3449 892 3491 mense
923 3435 1277 3491 antecedente
1307 3438 1538 3508 cceperit
1573 3439 1900 3508 Africanus;
1932 3441 2071 3497 idem

499 3543 680 3584 annus
716 3545 804 3584 xvu
853 3527 1058 3584 Tiberii
1095 3531 1306 3586 censeri
1339 3531 1536 3601 potuit.
1586 3530 1692 3586 Sed
1733 3547 1858 3586 cum
1897 3532 2074 3603 olym-

501 3619 680 3690 piadis
731 3621 838 3676 202
895 3637 1074 3678 annus
1122 3623 1396 3680 secundus
1456 3624 1745 3680 inchoatus
1804 3626 1874 3681 sit
1929 3642 2073 3680 anno

497 3709 701 3766 Christi
743 3712 834 3775 50,
887 3721 942 3765 et
989 3713 1062 3767 ad.
1086 3722 1330 3768 aestatem
1379 3731 1555 3785 usque
1600 3716 1880 3785 sequentis
1940 3716 2070 3770 anni

499 3809 833 3872 propagatus
877 3802 1078 3868 fuerit;
1127 3818 1355 3860 necesse
1383 3816 1468 3861 est
1496 3821 1640 3860 anno
1671 3821 1792 3860 terte
1827 3821 2072 3860 commu-

499 3891 585 3946 nis
615 3892 703 3955 50,
739 3892 822 3945 vel
859 3892 922 3946 51
964 3909 1186 3961 passum
1218 3894 1326 3949 dici
1366 3895 1433 3950 ab
1465 3895 1724 3951 Africano
1755 3896 2069 3965 Christum;

499 3991 659 4051 prout
685 3996 891 4035 annum
934 3981 1137 4037 Tiberii
1170 4000 1282 4047 xvr,
1315 3993 1408 4038 aut
1436 3985 1705 4040 labentem
1737 3987 2068 4052 adhibuerit,

499 4077 596 4122 aut
625 4084 654 4122 a
687 4067 940 4125 Paschali
986 4087 1173 4127 mense
1202 4075 1563 4143 praeverterit.
1601 4074 1658 4130 Si
1693 4091 1838 4131 anno
1871 4075 2071 4148 Diony-

498 4160 656 4215 siano
704 4159 772 4214 50
804 4158 1084 4214 Christum
1127 4163 1302 4216 voluit
1340 4179 1463 4220 esse
1503 4180 1724 4235 passum
1750 4206 1766 4230 ,
1813 4165 2070 4221 lnearna-

498 4249 698 4302 tionem
733 4263 956 4304 necesse
977 4258 1062 4305 est
1089 4250 1160 4304 ab
1187 4250 1380 4306 eodem
1412 4253 1644 4308 locatam
1682 4271 1807 4312 esse
1843 4259 1898 4311 in
1923 4273 2069 4314 anno

499 4340 704 4410 periodi
751 4337 983 4396 Julianze
1027 4341 1190 4407 4715,
1229 4358 1339 4397 uno
1386 4359 1530 4398 anno
1561 4353 1687 4401 ante
1724 4362 2067 4405 communem

497 4446 684 4494 teram,
737 4438 795 4484 ut
831 4431 1098 4502 hodieque
1143 4433 1388 4502 ponitur.
1425 4433 1519 4488 Sin
1571 4450 1715 4491 anno
1761 4427 1967 4493 Christi
2000 4440 2062 4493 51

2169 3335 2365 3393 Pbotio
2429 3347 2487 3395 et
2551 3338 2786 3410 Georgio
2854 3342 3177 3408 retulimus,
3265 3346 3755 3404 animadversione

2170 3428 2376 3499 digna:
2411 3430 2644 3485 alterum
2685 3431 2832 3502 quod
2879 3431 3109 3490 Photius
3161 3436 3372 3501 scribit,
3419 3437 3754 3496 Africanum

2169 3519 2237 3574 ad
2268 3519 2494 3576 Macrini
2521 3523 2805 3592 imperium
2839 3539 2978 3594 opus
3006 3539 3166 3579 suum
3197 3525 3540 3596 perduxisse,
3575 3545 3758 3586 anno-

2169 3625 2290 3664 rum
2317 3611 2457 3666 5725
2483 3611 2764 3668 historiam
2787 3614 3128 3683 complexum
3151 3633 3165 3683 ;
3197 3616 3519 3673 mendosum
3548 3621 3776 3682 videri,,

2171 3719 2235 3759 ac
2273 3719 2371 3775 pro
2407 3706 2690 3777 Μακρίνου
2741 3705 3028 3775 legendum
3183 3709 3521 3766 Ἀντωνίνου.
3563 3713 3755 3779 Quan—

2169 3813 2332 3868 quam
2361 3805 2416 3853 et
2461 3799 2607 3852 aliud
2639 3797 2997 3865 occurrebat;
3045 3799 3363 3856 Africanum
3399 3802 3757 3863 Stadionicas

2170 3906 2278 3944 non
2334 3890 2476 3943 ultra
2521 3889 2881 3960 Olympiadem
2927 3889 3036 3944 248
3082 3891 3138 3945 in
3168 3893 3406 3948 archivis
3436 3895 3757 3953 Athenieno

2169 3981 2312 4035 sium
2357 3979 2654 4043 invenisse,
2687 3996 2808 4050 qua:
2852 3980 3120 4051 Olympias
3162 3981 3232 4035 ad
3283 3997 3485 4037 annum
3536 3985 3758 4042 Christi

2167 4073 2294 4138 217,
2323 4080 2378 4128 et
2403 4072 2635 4127 Macrini
2663 4073 2950 4142 imperium
2979 4073 3320 4142 extenditur;
3349 4084 3526 4132 tamen
3564 4094 3758 4133 rerum

2169 4172 2442 4235 gestarum
2482 4165 2804 4219 memoriam
2851 4165 2916 4220 ad
2973 4181 3146 4222 annos
3193 4176 3451 4237 praeterea
3501 4171 3764 4241 quinque

2166 4272 2520 4328 propagasse,
2549 4257 2601 4312 id
2635 4266 2718 4313 est
2745 4259 2810 4312 ad
2841 4249 3043 4313 annum
3076 4259 3280 4315 Christi
3311 4260 3405 4314 221
3440 4280 3456 4327 ;
3486 4262 3757 4318 Photium

2169 4365 2296 4403 vero
2316 4349 2566 4404 eumdem
2595 4349 2839 4404 historia:
2866 4351 3158 4404 terminum
3187 4359 3427 4420 putasse,
3451 4354 3544 4421 qui
3572 4356 3763 4425 olym-

2169 4441 2508 4512 pionicarum
2541 4450 2678 4496 erat.
2710 4441 2845 4497 Vide
2874 4459 2996 4512 quae
3027 4442 3120 4496 Xll
3151 4442 3229 4498 De
3265 4443 3508 4498 doctrina
3540 4453 3776 4514 tempo-

498 4525 806 4593 passionem
849 4525 1179 4596 assignavit,
1220 4525 1438 4582 Tiberio
1485 4545 1518 4581 v
1566 4538 1619 4584 et
1664 4529 1864 4598 Sejano
1895 4547 2066 4597 coss,
2100 4552 2146 4609 ι)
2174 4551 2312 4596 ηιηι,
2345 4550 2466 4605 cap.
2499 4533 2592 4589 XL
2619 4536 2878 4590 diximus.

497 4612 659 4679 plane
689 4619 748 4664 ut
781 4609 1140 4681 Epiphanius,
1172 4614 1374 4684 aliique
1400 4624 1612 4673 veteres
1638 4619 1886 4674 arbitrati
1920 4630 2068 4687 sunt,

497 4701 807 4756 lncarnatio
840 4713 1104 4774 congruet
1161 4704 1217 4758 in
1266 4720 1470 4760 annum
1499 4709 1735 4778 primum
1764 4726 1886 4766 atrae
1913 4713 2070 4767 Chri-

496 4792 716 4859 stianaa;
747 4793 936 4849 itidem
967 4803 1024 4848 ut
1052 4794 1366 4861 Panodoro,
1399 4813 1464 4853 ac
1497 4799 1703 4854 Graecis
1728 4801 2069 4874 tLatinisque
2106 4795 2109 4798 ’

496 4884 842 4954 computistis
891 4885 1164 4955 placuisse
1209 4889 1483 4943 novimus.
1543 4889 1649 4944 Sed
1703 4890 1806 4945 hac
1857 4895 2070 4950 ratione

496 4989 672 5029 annus
707 4975 892 5030 mundi
920 4977 1060 5030 5725
1085 5018 1100 5044 ,
1157 4979 1252 5048 qui
1282 4981 1351 5034 ab
1384 4979 1760 5037 lncarnatione
1801 4983 1961 5039 debet
2001 5000 2066 5040 ex

496 5065 736 5121 Africani
767 5068 980 5122 calculo
1007 5083 1130 5124 esse
1157 5069 1282 5134 2:25,
1313 5071 1416 5125 erit
1446 5075 1754 5129 communis
1786 5091 1906 5129 aera:
1930 5077 2064 5144 225;

497 5175 605 5228 quo
635 5175 836 5212 annum
877 5159 1090 5228 imperii
1125 5162 1426 5216 secundum
1460 5163 1767 5219 Alexander
1793 5164 2068 5222 ﬂammeae

499 5251 640 5306 ﬁlius
701 5251 1025 5308 inchoavit:
1074 5267 1196 5307 cum
1249 5261 1432 5308 tamen
1483 5255 1742 5310 Antonini
1787 5257 2067 5327 Alagabali

499 5346 715 5397 tertium
768 5346 1029 5402 incidisse
1073 5347 1126 5401 in
1175 5362 1380 5400 annum
1419 5347 1571 5402 illum
1627 5349 1813 5404 mundi
1865 5350 2069 5408 diserte

499 5436 781 5505 scripserit
805 5437 1118 5493 Africanus.

572 5533 709 5597 Mea,
744 5541 803 5586 ut
845 5533 898 5586 in
933 5535 1155 5604 ancipiti
1189 5551 1252 5590 ac
1296 5537 1552 5606 perplexa
1582 5541 1900 5608 quaestione.
1933 5557 2067 5597 con-

493 5623 708 5693 jectura
743 5631 847 5688 est,
880 5625 1182 5693 Christum,
1215 5644 1279 5683 ex
1309 5628 1557 5684 Africani
1587 5633 1863 5702 opinione,
1892 5635 2070 5689 incar-

499 5722 686 5769 natum
742 5731 864 5770 esse
915 5733 1058 5772 anno
1109 5719 1316 5788 periodi
1367 5719 1593 5777 Juliame
1641 5724 1800 5784 4712,
1850 5725 2069 5781 biennio

499 5818 626 5863 ante
673 5822 1017 5865 communem
1064 5827 1262 5879 :Bl‘ttltl;
1317 5815 1503 5870 mundi
1537 5815 1697 5884 5501,
1731 5818 2060 5886 baptizatum

2241 4625 2487 4679 Alterum
2541 4635 2654 4689 est,
2703 4626 2847 4680 haud
2905 4627 3039 4682 satis
3093 4625 3306 4680 ﬁrmum
3358 4639 3762 4696 argumentum

2171 4730 2294 4771 esse
2326 4731 2480 4769 nova:
2507 4715 2908 4788 chronologim;
2941 4734 3059 4788 quae
3099 4733 3167 4774 ex
3207 4718 3302 4772 illo
3344 4718 3598 4772 Africani
3636 4722 3764 4775 loco

2171 4808 2450 4863 concludit
2505 4812 2747 4880 quinque
2804 4827 3071 4866 annorum
3133 4811 3306 4866 labem
3361 4813 3414 4865 in
3467 4809 3766 4870 Romanos

2172 4899 2344 4955 fastos
2382 4906 2435 4955 et
2478 4902 2706 4957 annales
2736 4903 3044 4973 irrepsisse,
3080 4918 3143 4957 ac
3177 4903 3402 4957 totidem
3436 4906 3766 4973 superﬂuos

2170 4990 2226 5044 in
2254 4991 2322 5046 iis
2365 5007 2508 5047 esse.
2540 4989 2636 5047 Vis
2669 4999 2752 5046 est
2784 4992 3270 5062 argumentationis
3299 4992 3594 5057 ejusmodi.
3645 4997 3766 5049 An-

2171 5099 2273 5138 nus
2302 5084 2547 5139 Al‘ricani
2577 5085 2717 5140 5725
2743 5095 2826 5140 est
2856 5101 2978 5140 aera:
3007 5085 3210 5140 Christi
3256 5085 3381 5147 221,
3412 5087 3638 5154 periodi
3672 5087 3769 5142 .lu-

2168 5175 2330 5230 lianze
2351 5177 2512 5237 4954,
2537 5192 2646 5246 quo
2673 5177 2928 5232 consules
2957 5177 3108 5232 linere
3143 5176 3344 5230 Gratus
3372 5184 3424 5230 et
3457 5175 3764 5233 Seleucus.

2173 5267 2284 5323 Hoc
2317 5285 2446 5324 vero
2477 5285 2572 5339 par
2606 5271 2892 5324 consulum
2923 5270 3000 5322 ait
3028 5273 3096 5324 ab
3138 5270 3343 5323 exactis
3375 5269 3610 5337 regibus
3635 5286 3767 5325 esse

2171 5361 2716 5430 septingentesimum
2784 5361 3105 5415 vicesimum
3177 5361 3450 5428 quintum.
3527 5359 3768 5417 Additis

2169 5469 2298 5522 ergo
2348 5467 2535 5521 regum
2583 5452 2741 5506 annis
2784 5451 2889 5504 243
2929 5450 2993 5504 ad
3027 5450 3330 5513 725,.[i'unt
3378 5450 3508 5503 anni
3557 5449 3704 5514 968,
3733 5467 3766 5506 e

2171 5544 2368 5612 quibus
2402 5541 2650 5596 deductis
2677 5541 2804 5602 221,
2841 5548 3012 5595 restat
3045 5554 3221 5594 annus
3253 5539 3418 5594 Urbis
3453 5539 3554 5592 747
3595 5559 3610 5592 :
3650 5557 3766 5610 quo

2168 5633 2422 5688 Christus
2469 5650 2533 5688 ex
2577 5633 2885 5688 communis
2929 5648 3050 5686 tera:
3076 5631 3379 5686 ratiociniis
3424 5638 3588 5686 ortus
3636 5644 3764 5699 est;

2169 5727 2544 5796 quinquennio
2575 5726 2726 5795 prius
2753 5741 2918 5795 quam
2954 5727 3117 5794 vulgo
3146 5722 3373 5785 feratur,
3408 5724 3518 5775 imo
3545 5736 3782 5778 sexen-.

2173 5821 2281 5874 nio.
2317 5817 2486 5874 Natus
2516 5820 2658 5874 cnim
2703 5819 2922 5886 ponitur
2968 5831 3112 5870 anno
3145 5813 3307 5870 Urbis
3344 5814 3588 5869 condite
3617 5816 3763 5874 753-.
