4022 6398
278 446 299 500 1
313 445 416 500 805

1253 436 1714 494 DISSERTATIO
1751 435 1842 492 DE
1873 431 2284 492 GRECORUM
2325 430 2529 489 ιειιιε.

3386 426 3518 485 me

281 563 480 620 Verum
513 560 816 617 Africanus
838 560 895 616 in
934 558 1256 616 consulibus
1283 560 1398 614 sive
1435 555 1854 628 magistratibus
1876 562 1922 617 Α
1949 561 2059 608 cta.
2118 551 2453 622 Theophilus
2502 545 2903 603 Alexandrinus
2954 545 3241 618 episcopus
3291 547 3526 616 past-lm-

276 655 478 713 annttis
525 653 913 717 numerandis,
960 665 1058 709 eos
1099 667 1275 706 annos
1331 651 1599 714 exclusit,
1643 648 1844 718 quibus

277 747 417 802 nulli
464 745 732 801 consules
774 744 998 798 fuerunt
1029 762 1044 799 :
1080 745 1172 814 qui
1203 742 1420 813 quidem
1453 741 1508 794 in
1541 739 1719 795 Fastis
1757 738 1846 792 in—

276 839 510 910 signiter
537 837 779 907 quinque
819 843 1080 891 notantur
1111 835 1180 889 ab
1225 849 1368 888 anno
1411 831 1576 887 Urbis
1615 829 1722 886 3'78
1775 829 1846 884 ad

274 945 480 984 annum
500 929 634 996 582;
651 929 852 999 quibus
868 928 1185 982 continuum
1204 926 1596 994 interregnum,
1616 933 1668 978 et
1686 923 1848 993 ἀναρ-

274 1021 374 1092 χία
401 1022 626 1077 exstitit.
669 1019 786 1076 Mos
823 1027 909 1075 est
951 1025 1130 1074 autem
1160 1017 1436 1088 plerisque
1482 1015 1846 1085 scriptoribus

276 1115 342 1168 in
379 1128 683 1168 annuorum
734 1112 1150 1182 magistratuum
1199 1117 1294 1162 aut
1336 1122 1527 1178 regum
1581 1105 1846 1176 tempori-

276 1207 385 1261 bus
434 1204 863 1276 percensendis,
907 1219 1004 1259 eos
1063 1218 1240 1259 annos
1302 1201 1589 1264 omittere,
1646 1199 1848 1268 quibus

275 1300 416 1354 nulli
447 1299 668 1352 fuerunt
693 1315 707 1352 :
735 1296 888 1367 quod
911 1310 941 1349 a
967 1294 1292 1365 quibusdam
1321 1292 1598 1348 veteribus
1640 1290 1695 1344 in
1737 1289 1848 1345 Bo-

275 1390 457 1445 manis
475 1388 787 1459 digerendis
820 1388 1112 1442 annalibus
1130 1387 1478 1441 observatum
1508 1399 1631 1440 esse
1660 1383 1849 1452 dispu-

275 1490 359 1535 tat
404 1480 740 1550 Onuphrius,
776 1495 900 1534 cum
950 1478 1018 1534 de
1060 1478 1324 1533 varietate
1357 1477 1848 1546 computandorum

276 1572 450 1629 Urbis
483 1587 751 1628 annorum
782 1570 1032 1628 disserit.

347 1684 640 1741 Postremo
663 1699 766 1740 nec
808 1683 940 1737 illud
991 1681 1309 1747 omiserim,
1350 1681 1494 1753 quod
1540 1695 1607 1736 ex
1651 1679 1849 1735 Photio

271 1787 332 1834 et
365 1777 601 1832 Eusebio
625 1784 842 1832 constat
870 1777 935 1830 in
961 1774 1239 1839 Chronico,
1269 1775 1469 1844 duplex
1492 1773 1560 1828 ab
1589 1773 1848 1827 Africano

273 1884 416 1937 opus
465 1868 881 1934 elucubratum;
939 1881 1171 1936 quorum
1230 1867 1463 1921 alterum
1523 1865 1847 1921 historicum

273 1959 380 2014 fuit
425 1961 482 2014 in
532 1961 774 2030 quinque
832 1961 1000 2015 libros
1046 1959 1342 2030 partitum,
1398 1965 1454 2014 et
1517 1958 1586 2012 ad
1644 1971 1846 2010 annum

273 2053 496 2108 tertium
564 2053 882 2124 Alagabali,
960 2052 1150 2106 mundi
1212 2051 1394 2112 5725,
1455 2049 1842 2120 perductum:

271 2143 344 2199 de
373 2161 483 2215 quo
514 2145 780 2200 hactenus
830 2144 1000 2200 locuti
1040 2159 1254 2208 sumus,
1293 2143 1524 2196 alterum
1565 2139 1850 2209 quod‘Ke-

273 2238 438 2300 στςὺς
485 2236 771 2306 inscripsit
803 2235 857 2290 in
891 2235 1066 2290 libros
1090 2232 1210 2287 XIV
1247 2233 1543 2303 digestum.
1580 2228 1848 2284 Eusebius

273 2342 406 2382 vero
440 2324 461 2378 I
499 2325 698 2382 Chron.
722 2340 916 2380 novem
948 2325 1121 2379 libros
1151 2328 1427 2378 numerat.
1462 2319 1634 2388 Cujus
1663 2316 1848 2388 operis

271 2427 658 2487 argumentum
704 2416 990 2485 multiplex
1037 2413 1161 2469 fuit.
1209 2412 1346 2467 Nam
1391 2411 1462 2467 de
1502 2409 1728 2464 medicis
1759 2422 1845 2462 rc-

269 2514 402 2576 bus,
425 2511 691 2583 physicis,
720 2509 970 2574 rusticis,
1001 2506 1270 2578 chymicis
1290 2506 1476 2570 etiam,
1495 2504 1580 2558 iis
1611 2505 1664 2555 in
1692 2501 1848 2555 libris

269 2607 580 2659 tractavit:
615 2619 735 2675 qua:
785 2602 956 2656 ambo
994 2600 1241 2670 ejusdem
1287 2596 1532 2651 Africani
1585 2601 1735 2659 sunt,
1787 2597 1849 2646 ut

269 2705 512 2752 testatur
538 2694 802 2758 Photius,
833 2709 947 2748 non
969 2701 1029 2747 ut
1064 2690 1346 2761 Scaligero
1374 2689 1551 2743 visum
1578 2693 1663 2742 est
1685 2725 1700 2748 ,
1750 2684 1848 2755 qui

271 2795 533 2842 auctores
581 2786 856 2842 immerito
907 2783 1177 2839 distinxit.
1232 2781 1420 2851 itaque
1462 2779 1661 2832 Remi.
1708 2774 1850 2831 nihil

271 2877 343 2932 ad
398 2877 808 2948 chronologiam
859 2874 1198 2940 attinebant;
1233 2880 1425 2928 contra
1475 2883 1638 2940 quam
1688 2866 1848 2922 nobis

271 2969 558 3026 exciderat
607 2969 701 3023 lib.
755 2967 852 3022 XII
900 2966 978 3021 De
1040 2965 1308 3020 doctrina.
1337 2972 1665 3032 temporum,
1725 2973 1846 3029 cap.

269 3059 439 3124 XLII,
474 3059 572 3116 ubi
592 3057 833 3122 Κεστοὺς
861 3072 989 3112 cum
1023 3053 1362 3126 πενταασλῳ
1391 3053 1619 3108 historia
1656 3047 1850 3107 confu-

269 3155 483 3208 dimus.

879 3301 1111 3361 CAPUT
1154 3301 1245 3358 III.

267 3423 348 3478 De
375 3420 679 3475 Crwcorum
707 3418 1122 3486 teris,quatenus
1150 3410 1404 3486 methodis
1420 3409 1780 3486 paschalibus,
1799 3418 1856 3464 et

338 3492 507 3563 cyclis
532 3490 816 3559 implicatcc
839 3481 984 3541 sunt.
1018 3483 1288 3563 Panodori
1310 3481 1854 3563 computusillustra-

339 3550 454 3617 cur.
484 3563 560 3614 Ab
606 3552 668 3614 co
705 3566 1024 3628 propagatus
1062 3564 1139 3610 est
1200 3555 1335 3608 alter
1373 3568 1522 3626 quant
1579 3550 1852 3605 Maximus

344 3632 582 3688 adhibet.

347 3746 627 3801 Hactenus
660 3759 842 3799 meras
873 3755 1142 3798 annorum
1170 3752 1415 3796 summas
1445 3736 1516 3792 ab
1553 3737 1690 3791 orbe
1716 3750 1854 3790 con-

281 3839 400 3894 dito
450 3839 569 3893 sine
613 3838 722 3891 ulla
761 3837 1062 3908 cyclorum,
1099 3833 1179 3888 uti
1215 3832 1422 3888 dictum
1458 3840 1563 3892 est,
1598 3827 1857 3882 methodo

282 3930 680 3985 subducebant.
716 3927 934 3991 Postea,
964 3941 1086 3982 cum
1115 3925 1226 3995 jam
1273 3937 1408 3978 usus
1439 3921 1656 3976 artiﬁcii
1693 3920 1856 3975 istius

283 4022 397 4075 fere
452 4020 506 4073 in
557 4017 802 4072 Ecclesia
851 4017 1145 4086 cmpisset,
1199 4013 1405 4084 placuit
1448 4026 1624 4066 annos
1666 4007 1856 4063 mundi

282 4113 364 4166 sic
394 4110 462 4164 ad
493 4108 744 4164 eumdem
775 4117 982 4178 aptare,
1037 4114 1098 4160 ut
1147 4105 1324 4160 divisa
1356 4119 1571 4161 summa
1620 4118 1717 4170 per
1765 4115 1859 4171 cy-

280 4205 492 4258 clorum
543 4199 850 4272 periodum,
902 4198 1158 4270 proprius
1187 4196 1316 4250 anni
1356 4195 1625 4264 cujusque
1669 4192 1858 4263 cyclus

280 4297 593 4352 exsisteret.
622 4293 793 4360 Quem
829 4293 882 4346 in
920 4293 1079 4345 ﬁnem
1115 4289 1313 4362 partim
1351 4301 1618 4341 annorum
1652 4285 1862 4354 aliquot

281 4388 618 4444 detractione
661 4386 745 4439 vel
797 4383 1102 4445 additione,
1149 4379 1362 4450 priores
1407 4385 1696 4447 computos
1757 4375 1861 4428 im-

282 4484 604 4543 mutarunt;
660 4475 855 4545 partim
905 4473 974 4526 iis
1015 4471 1264 4534 retentis,
1313 4467 1750 4522 lncarnationem
1795 4478 1860 4516 ac

1947 645 2051 699 lem
2110 643 2320 714 cyclum
2364 641 2600 697 instituit
2650 654 2918 694 annorum
2967 653 3302 701 ccccxxxvu,
3360 639 3522 706 cujus

1945 740 2175 790 centum-
2224 733 2436 803 priores
2501 748 2676 786 annos
2733 730 3042 798 descripsit,
3099 745 3268 785 orsus
3311 744 3342 782 a
3389 743 3523 782 con-

1946 826 2126 882 sulatu
2187 822 2430 878 Gratiani
2473 840 2509 876 vt
2569 832 2624 879 et
2687 821 2977 877 Theodosii
3030 821 3243 891 impp.,.
3286 821 3380 890 qui
3434 825 3521 873 est

1947 931 2126 970 annus
2150 930 2272 970 terat
2301 915 2634 969 Christianae
2670 927 2936 976 cccuxx,
2968 913 3124 982 cyclo
3167 911 3306 964 lunae
3333 909 3374 962 Ιι.
3420 908 3522 962 llic

1947 1025 2127 1065 annus
2166 1025 2233 1064 ex
2270 1008 2512 1062 Africani
2557 1007 2768 1062 calculo
2812 1005 3109 1076 putabatur
3151 1004 3220 1059 ab
3267 1003 3522 1056 lncarna-

1948 1104 2100 1158 tione
2146 1116 2455 1162 cccumt,
2491 1099 2560 1153 ab
2599 1098 2809 1153 Adamn
2851 1095 2993 1152 5882
3033 1095 3150 1162 (lib.
3194 1110 3232 1148 ll
3270 1093 3346 1148 De
3375 1092 3519 1145 doct.

1947 1203 2130 1263 tempt,
2164 1207 2286 1262 cap.
2325 1189 2532 1260 LXIX).
2572 1188 2775 1244 Divisis
2803 1187 2945 1242 5882
2969 1201 3068 1255 per
3103 1184 3170 1240 19
3197 1183 3520 1253 relinquun-

1946 1293 2039 1340 tur
2071 1285 2134 1349 ιι,
2166 1284 2317 1354 atqui
2347 1282 2366 1336 Ι
2401 1282 2681 1337 residuum
2714 1295 2836 1336 esse
2864 1277 3103 1334 methodi
3131 1276 3408 1347 paschalis
3437 1276 3522 1330 in-

1947 1387 2172 1435 tererat.
2206 1377 2531 1432 Panodorus
2566 1390 2696 1446 ergo
2737 1373 2922 1430 decem
2957 1371 3238 1437 detractis,
3270 1368 3520 1426 eumdem

1949 1471 2104 1525 illum
2163 1483 2369 1523 annum
2419 1465 2730 1521 numeravit
2782 1464 2850 1518 ab
2900 1463 3033 1517 orbe
3089 1460 3312 1515 condito
3356 1456 3518 1518 5872,

1949 1561 2149 1631 quibus
2175 1576 2271 1630 per
2307 1559 2373 1612 19
2401 1557 2636 1629 partitis,
2667 1555 2972 1625 cyclusille
3001 1554 3142 1606 luna:
3168 1551 3396 1621 primus.
3426 1548 3520 1619 qui

1948 1652 2318 1723 quaerebatur,
2363 1649 2601 1705 exsistit.
2655 1645 2924 1701 Prmteroa
2967 1644 3401 1698 lncarnationem
3455 1656 3520 1695 ac

1949 1744 2192 1799 Natalem
2239 1741 2438 1796 Christi
2471 1740 2691 1795 biennio
2721 1736 2981 1792 subduxit
3017 1737 3086 1790 ab
3111 1734 3352 1789 Africani
3379 1747 3526 1802 cpe.

1950 1836 2088 1902 cha;
2125 1842 2178 1889 et
2209 1835 2264 1888 in
2295 1847 2499 1888 annum
2531 1831 2757 1901 redegit,
2788 1833 2881 1900 qui
2921 1827 3334 1882 trecentesimus
3363 1833 3532 1878 octo-

1948 1928 2188 1998 gesimus
2209 1933 2356 1980 retro
2377 1923 2672 1993 putabatur
2695 1922 2765 1974 ab
2793 1917 3185 1989 exordiocyeli
3209 1915 3518 1985 Theophili.

1951 2019 2008 2072 Si
2039 2033 2219 2072 annus
2253 2014 2394 2070 5872
2439 2011 2626 2068 mundi
2678 2009 3100 2066 trecentesimus
3149 2005 3535 2075 octogesimus-

1947 2107 2224 2163 secundus
2256 2105 2546 2159 haberetur
2589 2102 2657 2155 ab
2690 2101 2974 2154 incarnato
3020 2097 3268 2158 Domino,
3306 2096 3532 2150 caderet.

1947 2197 2256 2252 lncarnatio
2286 2195 2342 2250 in
2387 2207 2588 2248 annum
2636 2193 2707 2248 ab
2752 2191 2960 2246 Adamo
2989 2189 3148 2244 5491.
3201 2187 3535 2242 Panodorus

1948 2298 2130 2344 autem
2161 2302 2286 2344 eum
2318 2301 2522 2341 annum
2551 2283 2761 2355 putavit
2796 2282 2955 2337 5495.
2987 2279 3154 2352 Igitur
3179 2279 3391 2350 primus
3421 2292 3522 2331 an-

1949 2381 2216 2453 nuscycli
2259 2376 2569 2447 TheOphili,
2599 2391 2722 2430 aet-ae
2751 2373 3150 2428 Incarnationis
3177 2371 3247 2427 ab
3276 2369 3368 2425 illo
3412 2385 3520 2424 nu.-

1948 2477 2190 2524 meratus
2239 2476 2324 2523 est
2365 2465 2786 2522 trecentesimus
2833 2463 3239 2531 octogesimus:
3271 2473 3392 2529 quae.
3437 2465 3523 2512 est

1946 2560 2178 2630 insignis
2206 2559 2517 2614 observatio
2538 2554 2822 2611 vetustatis
2847 2568 2969 2607 terte
2998 2550 3324 2612 communis,
3356 2563 3537 2618 quam~

1947 2649 2334 2721 Dionysianam
2379 2647 2686 2707 nominant,
2733 2655 3045 2714 quanquam
3085 2653 3195 2692 uno
3242 2652 3386 2691 anno
3431 2634 3528 2689 ln—

1948 2741 2324 2798 carnationem
2373 2737 2798 2799 antevertimus,
2845 2748 2912 2788 eo
2960 2730 3105 2802 quod
3153 2743 3262 2784 tera
3317 2726 3524 2782 Christi

1947 2851 2058 2890 non
2091 2833 2519 2889 lncarnationem
2549 2829 2778 2884 includit
2818 2826 3027 2896 ipsam;
3070 2821 3166 2878 sed
3201 2836 3230 2873 a
3261 2819 3523 2875 Kalendis

1947 2923 2225 2980 Ianuariis
2264 2921 2528 2993 proximis
2573 2934 2604 2973 a
2654 2916 2832 2972 Natali
2871 2914 3080 2983 incipit.
3148 2908 3518 2964 Nihilominus

1950 3017 2226 3072 luculenta
2288 3022 2373 3070 est
2421 3015 2534 3067 hac
2591 3009 2803 3064 notatio
2855 3005 3095 3076 vulgaris
3143 3017 3304 3067 terte;
3359 3013 3520 3069 quam

1949 3107 2264 3176 chronologi
2318 3103 2540 3173 quidam
2597 3097 2935 3154 recentiores
2995 3101 3055 3148 ut
3104 3091 3332 3147 minime
3381 3088 3523 3142 anti-

1877 3232 1918 3287 C
1952 3214 2141 3271 quam,
2165 3205 2219 3251 et
2245 3213 2276 3249 a
2302 3192 2563 3265 Dionysio
2603 3191 2834 3258 primum
2869 3186 3078 3256 Exiguo
3119 3191 3388 3254 repertam
3421 3181 3525 3234 im-

1956 3294 2331 3362 pune_vexant
2359 3300 2425 3340 ac
2451 3281 2688 3338 ludibrio
2719 3281 2940 3334 habent.
2968 3277 3074 3333 Sed
3102 3277 3222 3347 ejus
3247 3283 3523 3358 auctorem

1955 3382 2147 3436 saltem
2193 3373 2537 3432 Panodoru'm
2585 3373 2756 3428 fuisse
2807 3385 2876 3426 ex
2921 3384 2986 3429 eo
3032 3355 3327 3431 vincimus,
3375 3362 3522 3435 quod

1955 3471 2220 3542 Georgius
2270 3466 2556 3539 Syncellus
2596 3462 3031 3517 lncarnationem
3082 3458 3290 3524 Christi
3332 3457 3398 3510 ab
3429 3455 3523 3510 illo

1955 3563 2183 3618 relatam
2212 3558 2412 3614 astruit
2442 3556 2498 3610 in
2524 3567 2726 3608 annum
2758 3551 2945 3606 mundi
2970 3549 3143 3614 5495;
3172 3562 3331 3618 quem
3363 3546 3526 3616 ipsis-

1957 3654 2155 3710 simum
2197 3665 2321 3706 esse
2352 3647 2586 3718 primum
2618 3659 2740 3699 mm
2772 3641 3076 3696 communis
3121 3654 3244 3710 cap.
3276 3634 3526 3707 sequenti

1958 3741 2476 3802 demonstrabimus,
2509 3737 2601 3791 ubi
2629 3735 2844 3805 Georgii
2873 3732 3232 3804 fragmentum
3258 3728 3389 3783 illud
3430 3743 3528 3782 ex-

1960 3839 2287 3894 scribemus.
2318 3833 2505 3887 Annos
2545 3829 2684 3885 5495
2714 3829 2757 3882 si
2786 3842 2882 3898 per
2909 3827 2975 3880 l9
3005 3825 3260 3892 partiare,
3305 3821 3362 3874 lit
3384 3820 3528 3874 lunae

1960 3931 2148 4004 cyclus
2176 3928 2233 3991 2,
2282 3926 2375 3996 qui
2405 3923 2629 3994 perinde
2657 3935 2799 3974 anno
2842 3918 3020 3988 primo
3049 3913 3256 3970 Christi
3295 3909 3528 3966 nostrati

1960 4000 2232 4092 congruit.
2279 4018 2354 4072 Ex
2391 4017 2494 4070 hac
2522 4010 2796 4068 Panodori
2843 4005 3278 4063 conformatione
3329 4000 3530 4056 accidit

1959 4124 2019 4170 ut
2049 4119 2338 4182 computus
2360 4109 2462 4164 iste
2494 4120 2686 4161 recens
2713 4103 2782 4157 ab
2810 4101 2943 4156 orbe
2965 4097 3186 4154 condito
3213 4105 3337 4150 octo
3368 4092 3528 4147 annis

1961 4209 2142 4262 minor
2167 4212 2316 4260 esset
2363 4201 2549 4272 priore
2581 4197 2696 4260 illo,
2732 4194 2828 4264 qui
2857 4193 2961 4248 fuit
2997 4188 3262 4245 Africani.
3291 4183 3530 4240 Tametsi

1960 4300 2104 4354 enim
2129 4297 2316 4352 decem
2339 4306 2513 4346 annos
2540 4290 2607 4344 de
2627 4303 2693 4343 eo
2716 4284 3040 4340 Panodorus
3063 4279 3321 4343 abstulit,
3350 4284 3532 4330 tamen

1962 4400 2306 4446 communem
2351 4380 2652 4437 terminum
2703 4375 2924 4431 biennio
2972 4369 3287 4428 summovit.
3331 4362 3390 4420 Si
3446 4365 3534 4418 ln-

1962 4474 2298 4534 carnationis
2315 4471 2606 4542 pristinum
2627 4480 2832 4521 annum
2854 4461 3171 4518 retinuisset
3191 4459 3258 4512 ab
3275 4455 3540 4509 Africano

283 4572 604 4626 Passionem
661 4566 866 4621 Christi
917 4565 1056 4619 alios
1107 4564 1161 4616 in
1208 4576 1405 4622 annos,
1442 4573 1606 4630 quam
1655 4557 1852 4626 quibus

1962 4570 2168 4627 editum
2189 4606 2204 4633 ,
2234 4565 2327 4636 qui
2361 4575 2446 4620 est
2475 4559 2681 4633 periodi
2713 4556 2945 4612 Iuliana:
2972 4553 3133 4614 4712,
3158 4548 3382 4605 biennio
3407 4556 3536 4600 aute

283 4655 510 4726 ascripti
557 4659 713 4708 erant
742 4651 921 4717 initio,
957 4651 1293 4719 relegarunt.
1345 4643 1460 4699 Hoc
1492 4651 1552 4697 ut
1589 4642 1856 4712 paulatim

281 4748 533 4804 evenisse
566 4745 882 4815 conjectura
915 4748 1103 4798 nostra
1143 4741 1267 4806 fert,
1297 4738 1572 4808 explicare
1600 4734 1856 4804 deinceps

283 4840 590 4910 aggrediar.

353 4952 640 5022 Princeps,
691 4958 956 5020 quantum
1003 4945 1275 5018 suspicari
1323 4943 1471 5004 licet,
1519 4940 1575 4995 in
1623 4939 1858 5010 {Egypto

281 5044 634 5105 Panodorus,
663 5057 786 5096 cum
819 5037 1278 5111 animadverteret
1329 5049 1501 5089 annos
1550 5032 1620 5086 ab
1649 5030 1859 5084 Adamn

283 5151 348 5189 ex
395 5134 634 5187 Africani
671 5131 940 5186 sententia
971 5129 1254 5192 collectos,
1293 5125 1341 5180 si
1393 5139 1488 5195 per
1539 5121 1606 5175 19
1651 5118 1859 5174 divide-

284 5229 495 5284 rentur,
526 5236 871 5292 nequaquam
905 5220 1174 5275 labentem
1217 5219 1359 5272 lunae
1381 5215 1595 5287 cyclnm
1621 5211 1854 5275 ellicere,

286 5330 396 5369 non
424 5313 692 5368 dubitavit
720 5313 1003 5384 captandas
1030 5308 1450 5382 opportunitatis
1481 5306 1632 5360 illius
1660 5305 1855 5376 gratia,

289 5419 495 5474 paucos
545 5417 719 5457 annos
783 5417 814 5457 e
882 5415 1094 5455 summa
1150 5398 1461 5469 decerpere.
1523 5394 1644 5450 Jam
1713 5394 1859 5449 enim

291 5492 779 5549 Alexandrinorum
805 5490 1015 5545 lunaris
1038 5489 1225 5555 cvclus
1254 5488 1673 5557 percrebuerat;
1705 5484 1796 5554 qui
1831 5498 1862 5537 a

291 5585 532 5654 paschali
577 5582 689 5638 fere
720 5597 908 5638 mense
939 5596 1162 5637 sumens
1197 5581 1434 5642 initium,
1480 5579 1621 5632 idem
1653 5584 1770 5632 erat
1797 5591 1861 5629 ac

289 5686 498 5741 noster,
547 5676 654 5729 hoc
683 5682 766 5730 est
807 5675 1018 5744 primus
1065 5673 1230 5727 unius
1279 5671 1489 5740 primus
1522 5669 1708 5725 itidem
1743 5675 1861 5722 erat

291 5769 520 5825 alterius
556 5787 570 5824 :
606 5765 1046 5838 quandoquidem
1077 5763 1352 5836 paschalis
1382 5764 1562 5818 omnis
1589 5761 1862 5816 Romano-

298 5874 422 5914 rum
459 5858 744 5935 tncthodns
769 5859 838 5914 ab
878 5855 1372 5914 Alexandrinorum
1406 5861 1490 5909 cst
1520 5853 1664 5909 fonte
1691 5851 1863 5908 dedu-

1959 4662 2224 4734 epocbam
2265 4665 2546 4720 nostram;
2581 4666 2758 4706 annus
2801 4648 3012 4719 primus
3053 4643 3191 4715 cycli
3218 4636 3532 4709 Theophili,

1963 4726 2172 4808 Christi
2223 4747 2362 4810 580,
2412 4744 2610 4799 fuisset
2659 4755 2782 4795 aera:
2821 4726 3534 4792 lncarnationisPanodori

1960 4843 2101 4909 382;
2133 4837 2321 4895 mundi
2349 4836 2512 4892 5872.
2552 4831 2764 4888 Ablatis
2795 4829 2953 4884 annis
2973 4825 3080 4880 382
3103 4823 3172 4879 de
3201 4821 3362 4884 5872,
3397 4818 3536 4873 resi-

1959 4937 2053 4991 dui
2084 4940 2211 4988 sunt
2259 4928 2416 4985 5490.
2467 4926 2607 4996 Ergo
2659 4937 2837 4978 annus
2889 4919 3021 4975 5491
3075 4922 3224 4972 esset
3279 4913 3536 4966 lncarna-

1959 5027 2125 5082 tiouis
2177 5037 2376 5078 annus.
2432 5018 2579 5074 idem
2644 5015 2864 5086 primus.
2920 5006 3205 5078 Theophili
3254 5019 3431 5059 annus
3467 5017 3536 5057 ex

1961 5116 2206 5173 Africani
2250 5121 2509 5182 computo
2556 5107 2773 5164 eratab
2806 5104 3014 5159 Adamo
3051 5100 3212 5164 5882,
3257 5113 3286 5152 a
3327 5094 3534 5151 Christi

1963 5209 2346 5264 lncarnatione
2393 5203 2518 5258 582.
2568 5197 2865 5254 Subductis
2907 5194 3011 5249 582
3041 5193 3109 5248 de
3142 5190 3302 5254 5882,
3337 5185 3535 5256 reliqui

1964 5308 2092 5357 sunt
2124 5299 2251 5352 anni
2278 5296 2416 5351 5500
2451 5314 2463 5349 :
2506 5292 2734 5363 proinde
2765 5302 2908 5342 anno
2939 5285 3073 5341 5501
3103 5283 3420 5337 incarnatus
3454 5283 3540 5334 est

1962 5390 2217 5446 Christus
2255 5403 2322 5442 ex
2366 5384 2609 5439 Africani
2655 5379 2982 5436 ratiociniis.
3032 5372 3339 5428 Discrimen
3385 5384 3540 5424 com-

1964 5481 2082 5552 puti
2111 5478 2274 5547 hujus
2309 5484 2364 5531 et
2403 5476 2649 5537 alterius,
2686 5474 2816 5527 anni
2851 5470 2938 5524 10.
2976 5465 3177 5522 Verum
3217 5461 3539 5516 Panodorus

1963 5571 2210 5634 biennio,
2245 5577 2306 5624 ut
2347 5569 2551 5622 dictum
2592 5573 2697 5628 est,
2727 5561 3165 5617 lncarnationem
3200 5552 3534 5609 descendere

1960 5667 2129 5737 jussit
2173 5664 2238 5719 ad
2289 5677 2489 5717 annum
2523 5659 2664 5714 5405
2692 5675 2707 5710 :
2737 5655 2882 5711 unde
2929 5663 3052 5708 octo
3097 5663 3364 5704 annorum
3397 5646 3538 5700 dun-

1967 5766 2118 5813 taxat
2155 5757 2296 5812 inter
2329 5764 2618 5821 utrumque
2657 5757 2784 5804 nata
2815 5745 3117 5802 dili‘ercntia
3155 5752 3262 5798 est.
3297 5739 3535 5794 Accessit

1970 5850 2037 5906 ad
2071 5865 2191 5908 eam
2220 5849 2363 5920 cycli.
2391 5845 2602 5902 lunaris
2633 5839 3118 5914 opportunitatem,
3140 5846 3194 5893 et
3225 5830 3535 5890 indictionir
