4022 6398
455 388 468 396 ’
501 387 637 440 M07

1516 383 1606 437 AD
1645 381 1917 438 EUSEBII
1955 378 2351 437 CIIRONICON
2389 378 2750 432 APPENDIX.

3617 376 3783 432 I508

495 514 650 556 usus.
690 495 824 553 Nam
861 497 1070 552 unitate
1111 496 1318 559 addita,
1357 506 1412 552 et
1451 512 1663 552 summa
1694 513 1792 568 per
1839 496 1904 551 15
1944 511 2069 566 par-
2103 501 2145 555 Α
2174 494 2321 564 quod
2352 503 2545 548 neuter
2577 494 2792 548 illorum
2841 492 3099 549 instituit.
3148 490 3283 544 Hinc
3326 497 3558 560 apparet
3605 503 3785 544 recte

495 593 615 651 ti'a,
653 591 873 661 propria
904 591 1173 661 cujusque
1210 591 1340 643 anni
1375 589 1604 644 habetur
1642 589 1888 644 indictio.
1927 588 2071 642 Anni

495 679 637 734 5M2
669 695 764 748 per
806 680 874 734 15
901 679 1178 733 distributi
1230 681 1552 750 relinquunt
1583 679 1633 733 7.
1682 676 1882 732 Verum
1929 691 2074 732 anno

494 769 701 825 Christi
731 770 836 824 380
862 769 1087 824 indictio
1123 769 1226 824 l‘uit
1255 770 1322 826 8:
1363 773 1544 826 unitas
1567 784 1696 842 ergo
1725 768 1947 838 adjungi
1980 768 2075 824 de-

495 862 588 918 bet
614 863 680 916 ad
713 878 1024 918 numerum.
1057 862 1215 929 Quod
1239 864 1285 919 si
1312 879 1514 918 annum
1543 863 1786 918 Africani
1811 862 1952 918 5882
1981 877 2089 931 per

499 952 566 1006 15
596 952 892 1016 divideres,
942 951 1172 1007 indictio
1220 953 1257 1007 2
1304 955 1639 1024 proveniret,
1689 968 1812 1023 quae
1863 952 2076 1021 longius
2107 944 2124 965 '

496 1043 654 1098 abest
683 1041 756 1097 ab
791 1057 877 1100 ea.
908 1058 1030 1113 quae
1063 1053 1177 1098 tum
1213 1046 1527 1115 putabatur.
1567 1044 1932 1110 Quamobrem
1965 1059 2075 1097 non

496 1134 680 1188 minus
716 1133 1059 1197 indictionis,
1105 1151 1270 1206 quam
1299 1137 1437 1207 cycli
1473 1137 1682 1190 lunaris
1717 1135 2078 1191 commoditas

497 1223 846 1280 Panodorum
882 1226 1120 1296 impulit,
1166 1235 1227 1281 ut
1260 1227 1507 1282 Africani
1547 1235 1864 1297 computum
1907 1226 2080 1280 inter-

497 1317 731 1386 polaret.
783 1314 842 1370 Si
874 1316 1094 1385 quidem
1131 1315 1452 1373 indictionis
1495 1333 1630 1372 usus
1674 1333 1771 1387 per
1814 1319 1905 1372 illa
1943 1328 2080 1372 tem-

499 1422 635 1477 pora
662 1407 1036 1464 vehementius
1066 1409 1474 1464 increbrescere
1503 1412 1689 1481 coepit,
1709 1419 1769 1464 ut
1795 1419 1879 1466 est
1909 1411 1962 1464 iu
1986 1410 2079 1464 lib.

499 1498 570 1553 XI
592 1499 668 1554 De
685 1500 929 1554 doctrina
952 1511 1262 1568 temporum,
1294 1516 1418 1572 cap.
1450 1501 1586 1555 XLI.

570 1592 788 1647 Atenim
826 1607 1154 1662 persuasum
1197 1593 1300 1646 hoc
1333 1593 1612 1663 plerisque
1644 1592 1768 1656 fuit,
1801 1591 2081 1648 Christum

503 1683 794 1738 Dominum
829 1691 882 1738 et
913 1683 1090 1738 Martii
1124 1701 1284 1752 xxul,
1310 1694 1364 1740 et
1396 1686 1526 1739 luna
1555 1701 1644 1739 xiv
1687 1685 1770 1740 vel
1803 1701 1891 1745 xv.
1919 1685 1969 1738 id
1997 1693 2082 1738 est

503 1775 823 1845 plenilunio,
852 1792 976 1830 esse
1009 1792 1256 1846 passum,
1298 1778 1351 1832 id
1384 1785 1470 1832 est
1498 1784 1552 1831 in
1589 1776 1858 1833 Paschate
1891 1775 2082 1832 Judai-

501 1882 586 1930 co,
625 1865 803 1920 Martii
853 1883 985 1921 vero
1035 1884 1141 1922 xxv
1191 1872 1568 1926 resurrexisse

505 1959 640 2012 feria
672 1975 748 2022 vr,
786 1959 891 2014 hoc
921 1968 1102 2014 autem
1138 1960 1274 2015 feria
1304 1978 1320 2015 ι
1350 1963 1648 2032 contigisse
1678 1970 1831 2016 extra
1858 1970 2083 2017 contro-

503 2051 741 2105 versiam
779 2060 884 2107 est.
932 2051 1088 2118 Quod
1119 2051 1298 2106 Martii
1345 2069 1481 2107 xxiii
1515 2069 1736 2123 passum
1776 2070 1899 2110 esse
1927 2055 2087 2109 Chri-

507 2152 653 2199 stum
679 2144 852 2200 Graeci
873 2147 1219 2218 computistm
1249 2146 1606 2210 crediderint,
1632 2157 1952 2218 argumento
1977 2157 2082 2211 est,

506 2235 652 2310 quod
714 2235 1004 2301 Maximus,
1048 2238 1336 2309 Georgius,
1381 2238 1711 2294 'Chronicon
1761 2239 2086 2295 Alexandri-

505 2343 661 2391 num,
681 2327 984 2392 Ceclrenus,
1010 2338 1064 2384 et
1092 2331 1183 2383 alii
1217 2330 1529 2399 complures
1554 2332 1626 2383 ita
1653 2330 1912 2384 sentiunt.
1941 2331 2085 2396 Quin

504 2419 670 2473 etiam
709 2419 1047 2476 thsariense
1079 2421 1397 2482 concilium,
1439 2423 1585 2491 quod
1640 2421 1855 2478 Victore
1907 2423 2088 2492 ponti-

504 2509 606 2564 ﬁce
632 2512 780 2565 circa
816 2527 1019 2566 annum
1064 2514 1270 2568 Christi
1317 2513 1552 2569 CXCVII
1596 2515 1930 2570 celebratum
1979 2523 2084 2576 est,

505 2602 611 2656 hoc
637 2603 816 2672 ipsum
846 2603 1056 2658 deliniit
1088 2588 1182 2658 lib.
1214 2603 1309 2657 xu
1332 2603 1409 2659 De
1437 2605 1578 2660 doct.
1616 2615 1772 2674 temp.
1803 2621 1947 2675 cap.,
1972 2603 2085 2657 xu.

508 2691 783 2759 Quocirca
830 2695 935 2748 tria
975 2696 1090 2750 baac
1137 2694 1194 2750 in
1243 2696 1494 2752 eumdem
1545 2699 1895 2753 concurrisse
1941 2699 2086 2753 diem

509 2785 688 2840 Martii
722 2802 857 2842 xxm
897 2788 1146 2843 arbitrati
1177 2796 1326 2855 sunt,
1360 2789 1552 2846 feriam
1583 2806 1658 2853 νι,
1695 2799 1749 2845 et
1776 2791 1960 2845 lunam
1985 2807 2090 2857 xv;

508 2893 612 2934 nec
641 2895 748 2933 non
781 2879 1082 2950 legitimum
1111 2881 1289 2937 aetatis
1321 2880 1565 2946 modum,
1605 2889 1663 2936 ut
1700 2899 1875 2936 xxxiii
1913 2898 2090 2938 annos

509 2969 732 3024 circiter
779 2971 956 3026 aetatis
1001 2971 1272 3026 haberet:
1309 2973 1566 3042 quoniam
1619 2974 1895 3029 tricesimo
1945 2989 2091 3028 anno

507 3061 821 3130 baptizatus
863 3069 984 3127 est,
1034 3076 1100 3117 ac
1153 3063 1254 3116 tria
1302 3061 1498 3118 deinde
1544 3061 1814 3118 Paschata
1859 3066 2087 3135 peregit.

507 3148 721 3215 Quibus
755 3151 1010 3205 omnibus
1050 3152 1391 3206 commodior
1423 3153 1610 3208 nullus
1638 3155 2088 3210 annus'inveniri

509 3243 710 3312 potuit,
729 3258 892 3312 quam
923 3242 1014 3312 qui
1037 3258 1157 3297 serae
1179 3245 1489 3300 communis
1505 3252 1588 3299 est
1608 3260 1740 3305 xui.
1763 3257 1818 3300 et
1842 3247 1894 3300 in
1918 3246 2095 3302 Pano—

510 3333 630 3388 dori
658 3343 917 3404 computo
947 3335 1090 3390 5555
1112 3337 1321 3400 exiens,
1346 3337 1632 3407 iniensque
1653 3337 1812 3403 5551,
1842 3339 2095 3410 idemque

513 3427 583 3480 ab
602 3411 1004 3492 Incarnatione,
1025 3427 1325 3483 secundum
1344 3427 1710 3494 Panodorum,
1729 3421 1816 3484 4'2.
1836 3429 1970 3486 Nam
1994 3431 2096 3486 hoc

514 3530 660 3570 anno
699 3516 887 3586 cyclus
919 3525 1038 3571 erat
1094 3519 1227 3573 solis
1275 3517 1557 3575 Romanus
1614 3537 1772 3585 χχιιι,
1803 3522 1981 3577 littera
2027 3521 2093 3590 G,

519 3609 860 3680 proindeque
896 3610 1076 3665 Martii
1104 3610 1238 3667 feria
1271 3628 1344 3680 vt,
1369 3620 1425 3668 et
1449 3612 1624 3668 Martii
1648 3631 1754 3669 xxv
1789 3614 2094 3681 Dominica,

513 3703 703 3772 cyclus
725 3702 867 3757 lunae
897 3703 1319 3772 Alexandrinus,
1348 3713 1402 3761 et
1427 3703 1708 3763 Romanus
1743 3707 1846 3761 fuit
1875 3725 1927 3773 v,
1963 3702 2096 3764 neo-

517 3793 696 3848 menia
730 3793 947 3849 Nicaena
971 3795 1150 3849 Martii
1181 3813 1237 3850 ix
1265 3806 1320 3852 et
1347 3812 1506 3860 xxm,
1541 3798 1668 3852 luna
1696 3814 1784 3854 xv.
1817 3797 1960 3870 Ergo
1989 3816 2099 3856 non

517 3883 838 3938 dubitarunt
873 3885 966 3937 illo
987 3900 1131 3939 anno
1163 3875 1478 3956 passionem
1508 3887 1800 3944 accidisse.
1835 3887 1906 3944 Ut
1933 3890 2101 3962 igitur

517 3975 838 4030 tricesimus
857 3975 948 4030 hic
967 3984 1019 4031 et
1041 3977 1260 4044 tertius,
1280 3978 1366 4033 vel
1388 3987 1616 4049 quartus
1637 3983 1811 4039 aetatis
1842 3993 1989 4040 esset
2010 4001 2101 4040 an-

518 4081 626 4121 nus
643 4067 869 4136 patienti
892 4067 1136 4133 Christo,
1160 4071 1567 4127 constituerunt
1583 4087 1729 4129 anno
1749 4077 1988 4146 computi
2010 4076 2103 4132 Pa-

523 4159 718 4212 nodori
756 4158 887 4215 5501
925 4161 1271 4216 incarnatum
1306 4177 1428 4218 esse
1459 4163 1771 4232 Christum;
1811 4182 1933 4221 εει-ω
1986 4169 2104 4222 vul-

521 4253 666 4322 garis
681 4268 847 4312 nono.
864 4252 1073 4322 periodi
1090 4251 1321 4310 Iuliana:
1341 4253 1505 4312 4722.
1529 4255 1604 4311 De
1626 4273 1732 4328 qua
1755 4258 1974 4314 illorum
1994 4261 2104 4330 opi-

525 4343 705 4404 nione,
742 4351 796 4398 et
829 4345 1182 4414 chronologia
1214 4345 1279 4398 ad
1310 4343 1692 4416 Fragmentum
1721 4345 1939 4420 Georgii
1966 4347 2106 4421 Syn-

523 4431 644 4486 celli
658 4431 1024 4502 disputabitur
1039 4434 1212 4504 capite
1225 4434 1637 4505 sequenti.Huic
1652 4437 1866 4493 illorum
1880 4442 2109 4510 castiga-

2170 602 2274 641 nos
2297 587 2475 656 capite
2506 586 2523 640 l
2552 585 2838 647 docuisse,
2874 595 3188 652 computum
3230 583 3371 638 hunc
3402 584 3673 636 annalem
3713 591 3784 636 et

2171 675 2638 738 Alexandrinum,
2689 674 2822 728 nihil
2864 689 2894 728 a
2929 672 3199 728 Panodori
3241 682 3495 743 computo
3542 673 3787 726 discre-

2172 783 2324 838 pare.
2357 767 2401 822 si
2435 767 2503 820 ad
2536 779 2708 822 annos
2736 766 2931 820 Adami
2973 767 3049 822 vel
3073 766 3260 821 mundi
3297 767 3594 836 respicias.
3619 764 3786 818 Tum

2175 859 2230 913 id
2258 866 2508 925 constat;
2557 861 2786 914 multum
2821 860 2967 914 hunc
2991 859 3060 914 ab
3086 875 3195 914 atra
3239 860 3480 914 Africani
3519 875 3659 914 esse
3683 859 3788 912 di-

2175 967 2415 1006 versum.
2434 952 2702 1018 Quocirca
2725 955 2870 1023 quod
2894 955 2947 1008 in
2969 953 3041 1008 IX
3061 953 3138 1008 De
3162 953 3402 1008 doctrina
3427 965 3787 1024 temporum,

2176 1061 2297 1116 cap.
2323 1044 2388 1098 IV
2410 1046 2670 1108 diximus,
2700 1062 2766 1100 ex
2802 1047 2978 1103 tribus
3002 1046 3236 1115 vulgatis
3260 1047 3586 1103 Gmcorum
3616 1064 3788 1101 com-

2179 1138 2346 1206 putis,
2381 1137 2722 1205 antiquitatis
2750 1138 2982 1207 palmam
3017 1138 3066 1192 ei
3100 1137 3307 1201 deberi,
3338 1140 3433 1209 qui
3466 1139 3539 1192 ad
3572 1137 3789 1190 lncar-

2181 1232 2452 1285 nationem
2486 1229 2692 1284 Christi
2735 1238 2986 1284 numerat
3035 1231 3315 1286 absolutos
3359 1247 3546 1286 annos
3599 1233 3788 1294 5500,

2179 1319 2287 1373 late
2323 1317 2376 1371 id
2411 1319 2792 1388 accipiendum
2823 1327 2937 1383 est;
2972 1327 3027 1374 et
3072 1320 3321 1386 καθόλου,
3377 1322 3425 1376 si
3479 1338 3789 1377 annorum

2179 1411 2561 1465 tantummodo
2619 1427 2831 1466 summa
2892 1420 3210 1482 spectetur,
3263 1415 3590 1482 cujusmodi
3653 1431 3789 1469 eam

2181 1499 2478 1554 Africanus
2512 1500 2770 1554 instituit.
2809 1499 2903 1554 Sin
2933 1517 3000 1556 eo
3026 1502 3191 1556 modo
3218 1503 3641 1568 consideretur,
3671 1521 3792 1575 quo

2183 1591 2252 1644 ab
2281 1590 2633 1661 computandi
2665 1592 2942 1662 magistris
2970 1595 3374 1648 accommodata
3416 1604 3626 1666 postea
3674 1606 3789 1654 est.

2185 1698 2308 1738 cum
2344 1700 2478 1739 usus
2527 1685 2768 1740 methodi
2815 1687 3086 1757 paschalis
3133 1688 3401 1760 implexa;
3443 1690 3656 1745 eadem
3701 1698 3796 1746 est

2185 1791 2310 1830 cum
2363 1777 2453 1830 illa
2486 1776 2796 1847 Panodori;
2840 1780 2935 1837 sed
2965 1782 3084 1853 ejus
3129 1791 3214 1838 est
3253 1784 3511 1839 tractatio
3547 1784 3796 1839 confor-

1611 1888 1624 1924 :
1675 1885 1911 1940 quorum
1949 1870 2083 1924 illud
2117 1841 2156 1895 Β
2189 1865 2467 1935 natioque
2497 1841 2787 1924 recentior.

2256 2041 2386 2098 Post
2423 2043 2568 2100 hunc
2594 2043 2863 2101 Panodori
2900 2060 3212 2118 computum
3237 2068 3550 2122 perperam,
3593 2065 3656 2109 et
3685 2056 3797 2110 ad-

2185 2147 2381 2189 versus
2422 2134 2842 2207 Evangeliorum
2879 2140 3036 2194 ﬁdem
3073 2156 3102 2194 a
3139 2141 3341 2199 Graecis
3366 2161 3429 2198 ea
3461 2162 3642 2214 quam
3686 2164 3796 2202 ex-

2187 2228 2370 2296 posui,
2403 2229 2614 2282 ratione
2643 2230 2996 2299 depravatum
3017 2272 3032 2295 ,
3080 2235 3218 2288 alter
3254 2238 3615 2307 excogitatus
3659 2247 3793 2303 est;

2187 2319 2280 2388 qui
2327 2319 2429 2374 hoc
2459 2321 2682 2376 excluso
2713 2324 2916 2392 priore,
2957 2325 3216 2396 pleraque
3261 2327 3314 2381 in
3360 2331 3511 2383 omni
3559 2330 3795 2397 Graecia

2187 2422 2240 2469 et
2266 2413 2488 2470 Oriente
2521 2416 2624 2470 hac
2657 2425 2817 2473 atate
2842 2430 3094 2489 receptus
3126 2429 3231 2477 est.
3265 2423 3362 2476 Hic
3390 2422 3462 2477 ad
3492 2422 3796 2479 Panodori

2188 2508 2452 2575 epocham
2485 2509 2582 2578 τῆς
2613 2509 3075 2582 ὲνανθρωπήσεως
3108 2527 3280 2568 annos
3309 2513 3461 2567 addit
3489 2515 3750 2570 sedecim
3775 2534 3794 2578 ;

2190 2599 2256 2652 ad
2289 2600 2710 2656 Alexandrinam
2765 2602 2981 2657 Maximi
3030 2613 3084 2659 et
3134 2604 3347 2676 Georgii
3399 2621 3587 2660 annos
3629 2609 3796 2662 addit

2189 2698 2336 2753 octo,
2388 2693 2433 2746 si
2483 2693 2786 2762 simplicem
2837 2711 3107 2751 annorum
3157 2714 3445 2752 numerum
3487 2700 3788 2756 advertas.

2190 2779 2348 2846 Nam,
2386 2784 2432 2839 si
2483 2800 2664 2842 annus
2712 2787 2829 2856 ipse
2869 2796 3167 2858 spectetur,
3209 2798 3333 2846 octo
3386 2792 3517 2854 illis,
3566 2796 3790 2863 quibus

2190 2871 2617 2930 Alexandrinum
2662 2887 2980 2948 computum
3027 2894 3284 2950 superare
3324 2882 3568 2946 videtur,
3618 2888 3792 2941 annis

2191 2978 2256 3017 eo
2292 2964 2468 3018 minor
2493 2973 2578 3020 est
2616 2984 2628 3019 :
2663 2966 2768 3022 hoc
2795 2976 2880 3024 est
2913 2966 3339 3026 lncarnatiouem
3383 2973 3603 3028 Christi
3652 2977 3791 3029 toti-

2193 3056 2314 3110 dem
2346 3057 2506 3113 annis
2535 3059 2829 3128 anticipat;
2854 3068 2909 3114 et
2939 3075 3062 3115 cum
3093 3063 3296 3131 epocha
3332 3062 3620 3120 Panodori
3649 3084 3792 3122 con-

2194 3147 2361 3202 venit.
2386 3149 2548 3202 Anno
2577 3149 2758 3218 itaque
2786 3150 2974 3204 mundi
3004 3150 3144 3206 5509
3177 3153 3381 3209 Christi
3409 3155 3792 3228 ὲνανθρώπη-

2198 3253 2280 3290 σιν
2307 3245 2596 3309 ortumque
2624 3239 2834 3294 tribuit.
2863 3241 3036 3312 Cujus
3063 3243 3280 3312 quidem
3309 3245 3648 3301 instituendi
3675 3261 3790 3304 tres

2197 3329 2422 3383 omnino
2452 3345 2648 3387 causas
2681 3332 2959 3388 exstitisse
2994 3349 3315 3403 persuasum
3350 3335 3550 3391 habeo.
3595 3338 3796 3393 Prima

2200 3422 2321 3486 fuit,
2358 3432 2417 3478 ut
2461 3426 2616 3481 annis
2663 3441 2760 3496 per
2804 3427 2870 3482 15
2901 3428 3144 3495 tributis,
3185 3429 3322 3485 citra
3364 3431 3605 3492 unitatis
3639 3433 3794 3501 adje-

2198 3517 2457 3581 ctionem,
2508 3519 2799 3574 haberetur
2842 3519 3090 3576 indictio.
3145 3521 3344 3580 Divisis
3370 3525 3515 3581 5509
3551 3543 3664 3598 per
3704 3530 3792 3593 l5,

2201 3610 2529 3679 relinquitur
2586 3610 2810 3666 indictio
2857 3611 2946 3676 IV,
2989 3614 3167 3683 qualis
3220 3630 3362 3670 anno
3417 3619 3614 3686 primo
3669 3635 3795 3675 acra:

2200 3697 2523 3754 Christianae
2550 3699 2650 3753 fuit
2672 3720 2684 3754 :
2703 3717 2861 3771 quem
2888 3703 3254 3760 lncarnatiOni
3283 3706 3564 3761 dicarunt.
3597 3709 3798 3765 Altera

2203 3790 2305 3844 fuit
2331 3792 2470 3861 cycli
2505 3789 2714 3847 Iudaici
2753 3795 3140 3861 commoditas,
3175 3812 3335 3866 quem
3369 3807 3424 3854 et
3453 3797 3796 3858 Victorinus

2203 3897 2267 3936 ac
2311 3881 2488 3938 Latini
2540 3891 2594 3938 et
2643 3884 3023 3942 Occidentales
3078 3888 3321 3958 plerique
3381 3891 3566 3945 secuti
3642 3903 3796 3948 sunt.

2203 3975 2526 4046 Quanquam
2570 3977 2706 4032 nihil
2756 3987 2954 4048 praeter
3013 3981 3290 4051 cyclorum
3343 3983 3426 4037 vel
3487 3998 3802 4040 aureorum

2206 4083 2556 4122 numerorum
2588 4067 2835 4124 ordinem
2874 4071 3212 4138 expressisse
3240 4069 3462 4127 Graecos
3487 4075 3802 4140 existimo;

2204 4174 2306 4214 nec
2336 4160 2390 4213 in
2426 4157 2751 4213 celebrando
2797 4159 3064 4216 Paschate
3106 4162 3172 4215 ad
3205 4177 3300 4218 eos
3342 4179 3569 4219 errores
3607 4167 3803 4222 adhae—

2206 4253 2367 4317 sisse,
2398 4266 2538 4322 quos
2566 4253 2621 4306 in
2653 4250 2918 4307 Victorini
2953 4267 3018 4307 ac
3052 4253 3366 4309 Latinorum
3400 4267 3622 4311 sectam
3657 4274 3804 4329 pra:—

2208 4350 2426 4412 postera
2468 4341 2778 4397 Iudaeorum
2815 4344 3048 4399 imitatio
3079 4345 3394 4400 transfudit.
3437 4346 3657 4416 Cyclus
3701 4349 3805 4402 Ju-

2207 4435 2397 4490 daicus
2423 4451 2484 4490 ac
2501 4435 2727 4492 Latinus
2740 4437 2809 4491 ab
2822 4437 3188 4492 Alexandrino
3201 4446 3252 4492 et
3268 4437 3522 4493 Romano
3544 4444 3809 4496 ternario

523 4524 658 4579 tioni
682 4524 964 4595 suﬂ'ragari
987 4536 1246 4596 praeterea
1265 4529 1527 4583 vetusilla
1547 4529 1769 4584 traditio
1787 4531 2100 4596 videbatur,
2133 4547 2178 4602 ι)
2208 4524 2504 4594 discrepat.
2536 4532 2597 4580 ut
2627 4527 2722 4597 qui
2760 4525 2970 4596 primus
2998 4533 3082 4582 est
3117 4525 3516 4590 Romanorum.
3562 4527 3809 4585 Latino-

523 4629 667 4671 anno
690 4617 876 4671 mundi
898 4618 1030 4673 5501
1067 4618 1412 4674 iucarnatum
1440 4634 1564 4675 esse
1591 4620 1870 4677 Christum
1891 4664 1906 4688 ,
1937 4638 2102 4693 quam

524 4708 818 4766 Africanus
843 4712 1170 4766 auctoritate
1193 4728 1292 4768 sua
1315 4715 1747 4772 commendarat.
1775 4717 1851 4772 Ita
1874 4734 2104 4788 prorsus

527 4801 922 4857 admirabiliter
951 4805 1199 4874 contigit,
1245 4809 1306 4857 ut
1345 4804 1413 4858 ad
1446 4819 1611 4860 teram
1641 4807 1927 4876 pristinam
1951 4824 2108 4878 spre-

527 4890 601 4947 tis
629 4890 903 4947 Panodori
936 4894 1161 4949 calculis
1191 4894 1473 4962 redirent;
1509 4903 1623 4959 aut,
1672 4903 1730 4949 ut
1768 4896 2005 4965 priorem
2041 4899 2106 4951 il-

527 4983 642 5038 lum
674 4993 989 5054 computum
1039 4993 1358 5042 constanter
1382 4986 1642 5042 Ecclesiae
1668 4987 1882 5057 aliquae,
1917 4988 2108 5043 civita-

529 5084 724 5147 tesque
757 5077 1117 5146 retinuerint;
1151 5077 1411 5149 deinceps
1444 5079 1594 5133 nulla
1626 5081 1680 5134 in
1707 5095 1772 5135 eo
1804 5081 2108 5136 mutatione

535 5167 699 5233 facta,
748 5167 987 5238 epochas
1036 5167 1435 5224 Incarnationis
1479 5185 1544 5224 ac
1583 5170 1863 5226 Passionis
1903 5171 2106 5227 Christi

534 5259 911 5315 tantummodo
975 5260 1362 5315 sollicitarum.
1413 5259 1616 5316 Verum
1667 5277 1770 5316 nec
1836 5263 1890 5316 in
1948 5263 2110 5318 annis

537 5354 720 5406 mundi
750 5367 874 5407 cum
896 5351 1154 5406 Africano
1175 5393 1190 5420 ,
1224 5367 1324 5408 nec
1347 5353 1403 5407 in
1422 5353 1580 5408 annis
1599 5351 1804 5408 Christi
1829 5353 2107 5422 putandis,

537 5460 660 5501 cum
708 5443 998 5500 Panodoro
1046 5446 1484 5501 consentiebant.
1539 5444 1752 5501 Etenim
1795 5461 1972 5500 annus
2021 5446 2111 5500 ille

538 5553 660 5593 serae
686 5539 1012 5593 Christianae
1043 5552 1222 5592 nonus
1265 5537 1334 5591 ab
1362 5536 1624 5591 Africano
1666 5547 1986 5591 numeratus
2026 5543 2112 5590 est

538 5627 728 5685 mundi
756 5631 889 5684 5511
915 5649 930 5697 ;
961 5630 1167 5685 Christi
1196 5627 1557 5687 undecimus:
1599 5645 1630 5683 a
1669 5628 1960 5683 Panodoro
1984 5643 2112 5682 vero

540 5721 726 5775 mundi
760 5721 920 5781 550i,
949 5720 1152 5776 Christi
1190 5735 1387 5776 nonus.
1428 5719 1498 5773 At
1539 5721 1616 5774 illi
1656 5719 1867 5782 mundi,
1907 5728 1964 5772 ιιι
2006 5716 2112 5771 Pa-

546 5815 808 5882 nodorus,
855 5815 1028 5880 5501,
1071 5813 1274 5870 Christi
1309 5829 1437 5871 vero
1484 5813 1719 5879 primum
1774 5812 2109 5869 censebant:

2207 4635 2331 4673 rum
2361 4619 2432 4674 sit
2476 4634 2644 4685 xvui;
2677 4619 2770 4689 qui
2801 4619 3016 4673 illorum
3050 4619 3285 4682 tertius,
3311 4618 3515 4673 borum
3558 4621 3645 4674 sit
3690 4639 3808 4685 xix,

2208 4715 2268 4762 ut
2296 4708 2391 4763 lib.
2427 4706 2495 4760 VI
2524 4707 2601 4761 De
2629 4708 2872 4761 doctrina
2899 4717 3190 4776 temporum
3236 4706 3492 4777 pluribus
3530 4724 3598 4763 ex
3613 4714 3814 4781 posui-

2207 4814 2362 4866 mus;
2398 4799 2698 4870 praesertim
2734 4799 2912 4869 capite
2947 4797 3014 4863 ν,
3062 4797 3156 4853 ubi
3202 4800 3446 4854 numeris
3497 4801 3811 4856 amborum

2209 4889 2392 4944 aureis
2413 4888 2725 4944 Kalendarii
2750 4887 2982 4943 Romani
3007 4886 3125 4942 dies
3142 4888 3401 4957 utrinque
3430 4888 3810 4957 stipavimus.

2209 4980 2290 5035 lbi
2315 4980 2382 5033 ad
2412 4976 2992 5034 KalcndasJauuarias
3021 4977 3302 5032 Romanus
3325 4992 3600 5033 numerus
3635 4982 3816 5035 ascri-

2211 5081 2336 5142 ptus
2380 5081 2465 5128 est
2505 5086 2591 5136 ιιι,
2645 5071 2966 5126 Latinorum
3015 5087 3130 5125 xix.
3179 5069 3463 5140 Ejusmodi
3505 5073 3812 5141 cyclorum

2210 5164 2352 5218 ratio
2397 5163 2452 5216 in
2493 5172 2773 5232 postremo
2802 5163 2902 5216 illo.
2925 5170 3182 5232 computo
3212 5161 3390 5216 locum
3425 5161 3628 5217 habet.
3670 5163 3814 5218 Nam

2211 5253 2404 5310 divisis
2429 5255 2568 5310 5509
2590 5270 2686 5324 per
2709 5253 2798 5320 19,
2826 5260 3031 5308 restant
3052 5253 3139 5315 18,
3166 5253 3258 5321 qui
3278 5251 3548 5307 Judaicus
3579 5256 3811 5324 cyclus,

2211 5353 2266 5400 et
2292 5344 2520 5400 Latinus
2550 5353 2668 5400 erat
2700 5359 2841 5397 anno
2871 5341 3289 5403 Incarnationis,
3326 5340 3440 5394 sive
3475 5343 3815 5402 communis

2211 5451 2332 5490 {erae
2361 5435 2537 5506 primo
2565 5455 2577 5489 :
2611 5435 2679 5489 ad
2713 5450 2870 5504 quem
2919 5435 3095 5489 tribus
3134 5431 3384 5501 adjectis,
3425 5430 3684 5485 efﬁcitur
3711 5449 3807 5486 au-

2214 5544 2341 5585 reus
2375 5543 2637 5582 numerus
2666 5525 3156 5582 Alexandrinorum
3188 5525 3244 5585 2,
3279 5523 3374 5592 qui
3408 5523 3686 5578 eumdem
3719 5541 3817 5578 an-

2215 5636 2344 5674 num
2378 5628 2628 5690 occupat.
2666 5617 2756 5673 Sic
2787 5634 2933 5672 anno
2966 5617 3168 5672 Christi
3209 5616 3346 5669 I373
3375 5630 3582 5668 aureus
3613 5629 3818 5670 nume-

2215 5729 2310 5768 rus
2358 5712 2760 5768 Alexandrinus
2809 5721 2925 5764 erat
2969 5724 3043 5762 vt.
3094 5707 3249 5761 IIunc
3309 5720 3516 5758 annum
3572 5705 3826 5760 Isaacsis.

2217 5815 2461 5859 numerat
2493 5803 2650 5859 istius
2681 5819 2800 5856 (erat
2832 5801 2998 5857 688k
3033 5815 3142 5858 (tuo
3182 5812 3412 5852 numero
3440 5811 3544 5849 DCI‘
3577 5794 3652 5850 I9
3691 5812 3818 5851 uar-
