4022 6398
241 340 268 395 1
279 337 381 394 409

1209 331 1683 420 ,υῙΞΒΕΒΤΑἸΊΟ
1723 331 1812 385 DE
1851 331 2260 390 GRECORUM
2297 333 2502 390 Ᾱειιιδ.

3361 341 3502 396 1410

251 452 375 518 tito,
406 459 704 522 supersunt
737 452 789 506 5.
821 434 1056 505 Proinde
1089 447 1351 504 Judaicus
1383 450 1485 505 iste
1514 450 1700 519 cyclus
1721 447 1821 502 fuit
1848 484 1896 536 Α
1922 446 2048 502 Haec
2069 449 2252 504 omnia
2274 449 2553 504 consecuti
2583 456 2712 504 sunt
2738 448 2936 507 additis
2960 449 3026 505 ad
3053 449 3323 506 Panodori
3351 467 3502 506 sum-

241 545 372 600 anni
406 545 570 609 1575;
600 545 873 614 duplicem
904 541 972 596 ad
1007 543 1150 596 hanc
1174 557 1398 596 causam
1435 551 1711 612 postrema
1736 540 1816 594 in—

241 651 408 705 super
436 635 692 690 accedere
720 638 916 705 potuit,
961 641 1022 688 ut
1050 649 1169 689 eam
1200 635 1377 688 labem
1412 635 1812 704 abstergerent,

239 742 350 800 qua
381 725 653 781 Panodori
689 735 1006 798 computum
1057 726 1392 796 posteriores
1444 727 1541 780 illo
1579 724 1819 779 artiﬁces

240 818 582 885 infecerant;
615 828 669 872 et
699 819 972 889 ingentem
1005 817 1153 872 hunc
1185 817 1671 872 anachronismum
1716 817 1823 872 tol-

242 911 418 965 lerent
439 951 456 976 ,
491 925 601 980 quo
633 910 938 980 baptismus
981 918 1036 966 et
1080 910 1265 980 passio
1295 908 1526 973 Christi,
1558 909 1701 962 ultra
1731 906 1824 962 Ti-

242 1001 384 1056 berii
405 1002 633 1069 obitum,
658 1001 714 1056 in
736 1000 854 1056 Caii
874 1007 929 1056 et
956 999 1173 1056 Claudii
1194 1008 1442 1071 tempora
1473 998 1820 1054 diﬂ'unditur.

1920 555 2065 593 mam
2116 541 2378 596 sedecim.
2437 542 2630 598 Annus
2682 539 3086 597 lncarnationis
3137 559 3166 598 a
3215 542 3504 600 Panodoro

1920 630 2142 686 habitus
2181 642 2264 686 est
2294 631 2484 686 mundi
2514 632 2694 700 5495;
2731 648 2842 703 quo
2876 649 2973 702 per
3004 633 3070 688 19
3106 634 3336 700 tributo,
3368 638 3505 689 resi-

1922 721 2067 777 duus
2103 733 2187 778 est
2215 724 2401 793 cyclus
2437 724 2578 778 lunae
2611 740 2702 789 x1;
2733 740 2831 795 per
2863 725 2928 778 15
2962 733 3144 778 autem
3176 725 3388 780 divisus
3417 741 3507 780 re-

1924 813 2126 884 linquit
2153 829 2216 868 ιιι
2249 815 2526 884 {adjectis
2569 815 2638 870 16
2679 817 2748 871 ad
2794 816 2956 882 5495,
3003 832 3326 887 summaque
3363 817 3506 872 5509

1927 923 2026 978 per
2057 907 2248 962 ambos
2276 910 2462 979 cyclos
2490 907 2777 973 distracta,
2814 907 2874 962 iit
2903 907 3134 961 indictio
3165 923 3240 974 ιν,
3273 923 3398 962 cum
3422 911 3507 963 lu-

1923 999 2046 1053 nari
2076 999 2232 1070 cyclo
2258 1013 2414 1064 xvni,
2442 998 2589 1070 quod
2612 1007 2730 1055 erat
2759 998 3126 1071 propositum.

1657 1152 1888 1208 CAPUT
1934 1153 2024 1208 Ν.

245 1277 626 1348 Fragmentum
660 1273 985 1344 Theophanis
1015 1274 1220 1344 insigne
1254 1271 1322 1327 ad
1367 1271 1673 1327 Graecorum
1702 1283 2067 1353 conipulorum
2100 1273 2359 1326 rationem
2393 1271 2797 1341 explicandam;
2834 1275 2909 1327 adv
2933 1273 3088 1346 idque
3119 1274 3280 1333 Non
3326 1277 3507 1332 eodem

1700 1352 2038 1412 pertinentes.

318 1463 438 1516 Ὅτι
466 1461 566 1532 μὲν
594 1460 780 1532 ,εφλαᾌ
801 1462 919 1532 οὐχὶ
943 1461 999 1514 δὲ
1023 1461 1186 1533 ,εφλγ
1204 1464 1233 1516 ό
1268 1463 1591 1536 Ἀφρικανὸς
1617 1462 1812 1531 λέγων,

242 1555 337 1608 δύο
367 1554 657 1623 σφάλλεται
685 1554 802 1625 ἐτη,
833 1554 972 1606 κατὰ
991 1553 1090 1624 τὴν
1113 1553 1316 1627 ἀψευδῆ
1342 1555 1449 1609 τῶν
1471 1554 1816 1624 Εὑαγγελίων

245 1649 538 1717 ὑφήγησινο
570 1650 586 1678 ¹
619 1647 882 1717 πρόδηλον
917 1646 1046 1716 γὰρ,
1075 1646 1158 1699 ὅτι
1189 1645 1268 1716 τῷ
1306 1645 1348 1700 λ’
1383 1647 1492 1700 ἔτει
1530 1647 1816 1719 ἀρχομένῳ

246 1757 373 1804 που,
417 1741 450 1811 ἢ
505 1738 684 1810 μικρῷ
718 1739 874 1811 πρὸς,
919 1739 952 1810 ἢ
999 1737 1238 1805 ἔλαττον,
1283 1739 1373 1794 διὰ
1412 1740 1474 1793 τὸ
1505 1740 1812 1812 εἰρημένον,

1993 1461 2150 1528 Quod
2202 1462 2498 1519 Africanus
2550 1479 2726 1520 annos
2792 1465 2883 1536 (ad
2929 1465 3130 1522 Christi
3181 1468 3505 1538 passionem)

1920 1560 2246 1623 computans
2288 1552 2450 1616 5551,
2488 1552 2598 1607 'non
2632 1553 2796 1618 5555,
2832 1563 2892 1608 υι
2923 1557 3141 1612 sincera
3178 1557 3504 1629 Evangelia-

1920 1659 2044 1697 rum
2074 1645 2319 1698 narratio
2348 1645 2616 1710 continet,
2652 1646 2869 1702 duobus
2907 1648 3070 1704 annis
3115 1648 3344 1705 fallitur.
3394 1650 3508 1704 Ma-

1920 1734 2182 1790 nifestum
2215 1742 2302 1790 est
2336 1736 2508 1791 enim~
2531 1751 2679 1791 anno
2719 1737 3001 1794 Christum
3038 1741 3502 1805 aatatisjneunte.

257 1832 488 1899 Ἰησοῦς
511 1831 580 1885 δὲ
609 1829 687 1902 ἦν
710 1831 853 1885 ὡσεὶ
878 1831 1029 1886 ἐτῶν
1050 1835 1124 1896 λ’,
1141 1833 1291 1903 παρὰ
1311 1831 1389 1903 τῷ
1414 1811 1634 1903 μεγάλῴ
1659 1833 1814 1900 εὐαγ-

1919 1827 2022 1883 hoc
2052 1837 2137 1883 est
2169 1829 2333 1899 paulo
2378 1829 2502 1898 plus
2539 1829 2812 1893 minusve,
2848 1831 3152 1894 tricesimo,
3197 1835 3501 1887 secundum

244 1923 464 1993 γελιστῇ
504 1923 705 1993 Λουκᾷ,
746 1922 1067 1994 ἐϐαπτίσθη,
1100 1923 1193 1976 καὶ
1221 1922 1458 1989 ἐδίδαξεν
1500 1923 1594 1976 καὶ
1625 1922 1817 1994 ἐθερά-

245 2030 416 2066 πευσε
461 2015 638 2068 πᾶσαν
683 2014 856 2077 νόσον,
893 2015 986 2066 καὶ
1026 2015 1204 2066 πᾶσαν
1239 2013 1511 2084 μαλακίαν
1556 2015 1651 2068 ἐπὶ
1693 2013 1820 2086 τρία

243 2103 362 2174 ἕτηο
408 2103 484 2166 ώς
527 2102 665 2158 εἶναι
703 2105 793 2158 τὸν
831 2104 938 2159 ἀπὸ
979 2104 1080 2174 τῆς
1118 2103 1268 2168 Θείας
1302 2104 1614 2177 συλλήψεως
1653 2106 1818 2159 αὑτοῦ

242 2198 436 2267 χρόνον
481 2197 783 2268 ἀρξάμενον
825 2197 902 2268 τῷ
933 2197 1142 2268 βφλα¹²
1182 2198 1290 2251 ἔτει
1335 2198 1429 2252 τοῦ
1474 2200 1702 2271 κόσμου,
1749 2195 1816 2271 τῇ

243 2285 436 2358 πρώτῃ
460 2287 552 2341 τοῦ
587 2287 992 2358 πρωτοκτίστου
1034 2288 1200 2358 μηνὸς
1228 2287 1422 2356 Νισὰν,
1458 2289 1688 2360 Μαρτίῳ
1719 2290 1814 2354 κε’,

244 2380 410 2450 μέχρι
453 2381 551 2450 τῆς
601 2379 862 2444 ζωοποιοῦ
916 2381 1260 2444 ἀναστάσεως
1313 2379 1455 2435 κατὰ
1499 2381 1598 2453 τὴν
1647 2383 1817 2452 αὐτὴν

243 2471 632 2540 συμπεσοῦσαν
672 2471 888 2542 ἡμέραν
935 2471 1015 2524 κε’
1059 2473 1326 2543 Μαρτίου,
1378 2471 1515 2525 ὲτῶν
1565 2473 1668 2540 λγθ,
1723 2474 1818 2527 καὶ

240 2563 458 2634 ἡμέρας
499 2566 627 2634 μιᾶς
658 2564 736 2635 τῷ
765 2563 922 2636 ,εφλδ
955 2564 1064 2618 ἔτει
1095 2565 1380 2636 ἀρξαμένη
1403 2564 1456 2596 ³·
1496 2565 1590 2634 ἀφ’
1620 2561 1688 2637 ἧς
1726 2566 1818 2618 ἐπὶ

237 2654 338 2723 τὴν
373 2657 452 2719 εἰς
481 2657 740 2726 οὐρανοὺς
768 2657 904 2728 μετὰ
933 2655 1179 2727 σώματος
1211 2657 1488 2728 θεοπρεπῆ
1519 2655 1667 2710 θείαν
1689 2656 1816 2711 ἀνά-

235 2743 406 2814 ληψιν
433 2747 636 2818 ἡμέραι
667 2746 740 2817 μ’.
780 2748 843 2800 Et
881 2746 939 2800 δέ
975 2764 1058 2810 τις
1097 2749 1316 2801 ἀπιστεῖ
1350 2751 1463 2810 τοῖς
1507 2748 1817 2819 λεγομένοις

236 2838 378 2908 περ)⁵
403 2838 568 2908 αὐτῆς
600 2837 861 2908 πολλαχοῦ
886 2837 1204 2912 λεγομένης,
1232 2841 1313 2894 ὅτι
1343 2841 1401 2893 ὲν
1433 2841 1568 2912 αὐτῇ
1599 2841 1689 2893 τὸν
1723 2839 1817 2893 θά-

232 2946 404 2983 νατον
444 2931 690 3001 πατήσας
719 2933 748 2984 ό
776 2930 981 3002 Κύριος
1018 2931 1174 3002 ἡμῶν
1210 2933 1597 3004 πρωτοκτίστῳ
1633 2932 1816 3004 ἡμέρᾳ

237 3018 392 3092 ζωὴν
423 3024 456 3092 ἡ
467 3025 554 3092 μῖν
590 3023 655 3076 ἐκ
681 3022 889 3094 νεκρῶν
919 3024 1187 3094 ὲπήγασε·
1213 3023 1482 3076 σκοπείτω
1509 3026 1586 3086 εἰς
1615 3025 1713 3096 τὴν
1748 3023 1814 3076 ια’

240 3114 486 3184 περίοδον
521 3115 629 3168 τῶν
669 3114 788 3185 (ρλβ’
819 3114 1092 3170 κυκλικῶν
1119 3115 1275 3178 ἐτῶν,
1311 3116 1451 3171 κατὰ
1486 3116 1546 3169 τὸ
1575 3123 1674 3185 σιγ¹
1697 3116 1814 3181 ἔτος

237 3206 341 3277 τῆς
395 3206 563 3277 aixij;
609 3207 876 3278 περιόδου,
931 3206 1033 3280 τὴν
1079 3207 1673 3279 τεσσαρεσκαιδεκάτην
1721 3206 1815 3260 τοῦ

239 3303 371 3370 παρ’
421 3300 690 3371 Ἑϐραίοις
730 3301 942 3370 Πάσχα,
988 3303 1081 3354 καὶ
1113 3301 1404 3374 εὑρήσειςδ
1434 3301 1573 3354 κατὰ
1605 3300 1703 3372 τὴν
1731 3307 1816 3368 κγ’

236 3393 331 3444 τοῦ
356 3392 526 3446 αὑτοῦ
557 3393 803 3464 Μαρτίου
838 3393 1025 3464 μηνὸς,
1049 3395 1107 3447 εν
1129 3395 1313 3466 ἡμέρα
1340 3397 1654 3465 παρασκευῇ
1685 3410 1816 3446 κατ-

237 3484 487 3538 αντώσαν
519 3483 611 3536 ἐπὶ
649 3485 710 3537 τὸ
737 3487 1000 3557 σωτήριον
1035 3486 1226 3550 πάθος,
1256 3485 1284 3537 ὃ
1315 3487 1453 3557 ὑπὲρ
1477 3486 1632 3557 ἡμῶν
1659 3488 1816 3538 ἐκου-

242 3577 370 3642 σίως
409 3577 638 3650 ὑπέστη·
666 3579 760 3632 καὶ
782 3579 972 3648 ταφεὶς
1001 3579 1104 3632 ὑπὸ
1149 3579 1343 3650 Ἰωσὴφ
1373 3579 1466 3632 τοῦ
1495 3579 1553 3644 ἐξ
1590 3579 1816 3650 Ἀριμα-

240 3667 408 3734 θείας,
444 3671 536 3728 καὶ
579 3669 914 3740 Νικοδήμου,
961 3661 1158 3741 ἀνέστη
1204 3673 1270 3742 τῇ
1318 3670 1457 3741 μετὰ
1499 3670 1600 3739 τὴν
1645 3669 1816 3740 αὑτήν

241 3765 596 3833 παρασκευὴν
624 3763 1011 3834 ἐπιφωσκούσῃ
1047 3763 1421 3835 τρίτῃὴμέρᾳ,
1464 3765 1562 3834 μιᾷ
1599 3762 1812 3816 Σαϐϐά-

240 3869 368 3915 των,
414 3854 604 3925 πρώτῃ
643 3855 698 3908 δὲ
739 3855 835 3908 τοῦ
882 3855 1011 3927 παρ’
1053 3855 1324 3927 Ἑϐραίοις
1373 3856 1547 3909 Νισὰν
1597 3855 1814 3923 πρώτου

243 3943 431 4011 μηνός·
465 3945 584 4014 ἥτις
608 3945 695 3998 ἀεὶ
719 3948 785 4016 τῇ
811 3951 888 3998 κε’
921 3946 1013 3999 τοῦ
1047 3947 1290 4019 Μαρτίου
1320 3946 1488 4020 μηνὸς
1523 3946 1620 4017 μία
1655 3948 1750 4001 καὶ
1775 3949 1809 4018 ἡ

242 4037 376 4108 αὺτὴ
412 4039 576 4091 ἐστιν.

323 4217 380 4270 Ὀ
417 4217 516 4288 μὲν
545 4212 636 4273 οὖν
681 4220 1024 4292 Ἀφρικανὸς,
1061 4221 1362 4293 συμφώνως
1385 4226 1451 4294 τῇ
1479 4223 1810 4297 ἀποστολικῇ

239 4308 532 4375 παραδόσει
564 4308 641 4379 τῷ
673 4308 804 4378 ,εφα’
827 4309 937 4364 ἔτει
956 4313 1053 4382 τὴν
1076 4312 1224 4366 Θείαν
1257 4314 1652 4386 χρονολογήσας
1679 4315 1811 4386 σάρ-

237 4413 427 4462 κωσιν,
471 4403 597 4472 περὶ
637 4402 698 4454 τὸ
738 4402 907 4468 πάθος
938 4405 1031 4457 καὶ
1063 4407 1160 4477 τὴν
1209 4406 1471 4476 σωτήριον
1515 4407 1810 4460 ἀνάστασιν

235 4490 387 4546 δυσὶν
409 4495 554 4548 ἔτεσι
581 4495 866 4566 διήμαρτε,
901 4496 1044 4550 κατὰ
1066 4497 1125 4550 τὸ
1146 4496 1306 4568 ,εφλαν
1330 4497 1448 4560 ἔτος
1475 4496 1570 4549 τοῦ
1599 4497 1806 4567 κόσμου
1843 4533 1884 4587 D

235 4581 438 4654 ταύτην
473 4583 810 4653 συναγαγών
845 4585 1100 4648 Εὐσέϐιος
1126 4586 1182 4638 δὲ
1215 4587 1244 4638 ό
1283 4584 1568 4655 Παμφίλου
1600 4584 1669 4638 τὰ
1703 4585 1809 4638 ἀπὸ

249 4671 420 4744 Ἀδὰμ
450 4675 553 4739 ἕως
591 4674 839 4746 Ἀϐραὰμ
870 4676 1156 4745 γενέσεως,
1189 4677 1224 4748 ἡ
1260 4675 1400 4730 κατὰ
1433 4677 1559 4740 τοὺς
1582 4677 1808 4748 χρόνους

234 4763 400 4819 Νίνου
427 4769 521 4821 καὶ
544 4770 899 4843 Σεμιράμεως
917 4769 1024 4822 τῶν
1056 4771 1355 4841 Ἀσσυρίων
1381 4770 1640 4841 βασιλέων
1669 4771 1811 4843 ώμο-

235 4853 494 4928 λόγηται,
550 4863 829 4933 συντεμὼν
875 4862 969 4934 ἔτη
1021 4867 1196 4934 lyp-na!
1233 4862 1255 4893 ⁸
1304 4863 1678 4932 ὲστοιχείωσε,
1728 4862 1807 4933 τῷ

247 4946 518 5022 Ἑϐραῖκῷ
557 4953 1004 5026 ὲξακολουθήσας,
1046 4955 1141 5008 καὶ
1177 4953 1269 5006 τὸν
1304 4953 1554 5025 δεύτερον
1596 4955 1805 5008 Καϊνᾶν

235 5039 328 5111 ἔτη
363 5043 436 5113 ρλ’
471 5044 708 5116 ζήσαντα
736 5047 842 5118 πρὸ
870 5047 966 5117 τῆς
989 5045 1299 5110 τεκνώσεως
1329 5045 1403 5118 μὴ
1437 5047 1802 5118 στοιχειώσας’

233 5125 295 5188 οὗ
319 5135 348 5187 ό
373 5134 512 5201 θεῖος
541 5138 926 5210 εὐαγγελιστὴς
955 5141 1166 5203 Λουκᾶς
1193 5139 1463 5210 μέμνηται
1495 5142 1553 5194 ὲν
1581 5143 1646 5211 τῇ
1687 5144 1804 5194 κατ’

233 5224 396 5280 αὐτὸν
428 5230 762 5301 γενεαλογίᾳ·
806 5231 881 5293 ώς
925 5232 1019 5284 καὶ
1067 5229 1300 5301 ἀλλαχοῦ
1346 5230 1612 5286 λέλεκται.
1641 5231 1715 5284 Τὸ
1747 5232 1803 5285 δὲ

235 5315 357 5369 καθ’
386 5320 531 5390 ἡμᾶς
552 5320 710 5375 τοῦτο
739 5322 1131 5393 χρονογράφιον
1166 5321 1273 5374 άπὸ
1314 5321 1484 5392 Ἀδὰμ
1519 5323 1624 5386 ἕως
1651 5322 1802 5389 γενέ⁴

235 5424 372 5470 cato;
405 5411 651 5483 Ἀϐραὰμ
675 5412 768 5484 ἐτη
797 5413 926 5483 ,γλβ⁹
949 5416 969 5445 ⁸
991 5411 1233 5484 περιέχει
1264 5412 1569 5483 συμφώνως
1594 5415 1659 5484 τῇ
1685 5410 1804 5483 θείῃ

233 5500 509 5566 Μωῦσὲως
542 5507 724 5576 γραφῇ
771 5505 863 5557 καὶ
897 5505 1014 5568 ταῖς
1042 5507 1252 5572 γενεαῖς
1281 5504 1375 5557 τοῦ
1410 5504 1552 5558 κατὰ
1591 5506 1803 5558 Λουκᾶν

233 5591 584 5664 Εὑαγγελίου.
616 5599 730 5651 Καὶ
763 5597 870 5651 ἀπὸ
911 5598 1007 5668 τῆς
1053 5596 1354 5665 γεννήσεως
1403 5597 1654 5668 Ἀϐραὰμ
1700 5597 1804 5660 ἕως

307 5749 331 5784 ⁸
351 5751 396 5823 Ι.
429 5755 700 5828 ὑφήγησιν
729 5756 1004 5830 πρόδηλον.
1037 5756 1176 5811 Ὅτι.
1255 5756 1276 5788 ⁸
1302 5771 1411 5812 cor.
1438 5769 1557 5826 ,εφα
1576 5795 1588 5809 .

1679 5755 1702 5787 ⁸
1733 5755 1775 5825 f.
1810 5752 2142 5828 ἀρξαμένης.
2218 5756 2240 5787 ’⁸
2277 5755 2316 5824 f.
2351 5755 2592 5827 εὑρήσει.
2683 5757 2703 5788 ⁸
2737 5755 2775 5824 f.
2812 5752 3004 5823 ,Tprza’.

1917 1921 2009 1975 illa
2033 1919 2194 1976 Luca:
2219 1922 2568 1992 evangelista:
2588 1922 2755 1976 verba
2786 1937 2910 1993 cap.
2942 1923 3032 1990 lll,
3071 1925 3143 1978 25
3172 1943 3184 1978 :
3213 1923 3374 1980 .Iesus
3413 1942 3506 1980 suo

1919 2023 2021 2068 tem
2055 2024 2170 2069 erat
2208 2016 2364 2086 quasi
2399 2001 2661 2069 annorum
2695 2017 2938 2087 triginta,
2984 2018 3321 2088 baptizatum
3355 2035 3500 2084 esse,

1918 2120 1981 2160 ac
2023 2106 2311 2173 docuisse;
2344 2114 2398 2162 et
2432 2107 2655 2162 morbos
2695 2123 2910 2173 omnes,
2961 2109 3364 2182 languoresque
3399 2129 3502 2168 cn-

1918 2213 2072 2255 rasse
2105 2199 2266 2254 annis
2293 2201 2502 2265 tribus;
2543 2199 2682 2256 adeo
2716 2209 2776 2255 ut
2806 2208 3026 2272 tempus
3061 2218 3244 2268 omne,
3287 2206 3430 2274 quod
3473 2221 3504 2260 a

1917 2287 2105 2342 divino
2135 2288 2283 2342 illius
2314 2295 2605 2359 conceptu,
2637 2299 2692 2344 et
2737 2290 2808 2344 ab
2839 2305 2984 2344 anno
3017 2293 3207 2347 mundi
3242 2294 3403 2356 5501,
3440 2311 3506 2348 ac

1916 2378 2086 2434 Nisan
2127 2379 2396 2450 principis
2427 2381 2700 2436 mensium
2729 2381 2818 2438 die
2852 2385 3050 2453 prima,
3077 2384 3257 2441 Martii
3282 2403 3408 2452 xxv,
3435 2387 3504 2442 ad

1915 2469 2188 2524 viviﬁcam
2221 2485 2396 2540 usque
2430 2473 2895 2528 resurrectionem
2925 2475 3261 2544 extenditur,
3293 2495 3415 2548 qua:
3446 2479 3503 2534 in

1917 2563 2164 2617 eamdem
2219 2578 2328 2617 xxv
2373 2561 2552 2616 Martii
2605 2553 2769 2620 diem'
2806 2565 3036 2634 incidit;
3099 2583 3370 2624 annorum
3431 2573 3507 2627 sit

1916 2669 2112 2720 χχχιιι,
2134 2662 2188 2710 et
2209 2655 2374 2709 unius
2397 2654 2524 2719 diei,
2552 2671 2674 2727 qua:
2697 2672 2901 2712 annum
2926 2658 3067 2713 5554
3090 2660 3311 2730 incepit.
3346 2661 3505 2718 Unde

1918 2742 1986 2798 ad
2027 2743 2269 2799 divinam
2319 2761 2446 2800 cum
2497 2760 2732 2817 corpore
2779 2750 3216 2818 assumptionem
3262 2753 3412 2808 illius
3446 2755 3502 2810 in

1917 2837 2117 2892 calum
2165 2836 2283 2894 dies
2333 2837 2680 2894 intercedunt
2712 2855 2801 2894 ιιι..
2839 2838 2897 2895 Si
2943 2843 3068 2912 quis
3116 2855 3296 2900 autem
3335 2847 3497 2903 fidem

1916 2931 2098 2986 minus
2129 2931 2355 2986 adhibet
2403 2930 2493 2996 iis,
2538 2948 2660 3002 quae
2707 2933 2775 2988 de
2817 2935 2906 2989 die
2955 2934 3047 2988 illa
3081 2951 3192 2990 non
3235 2952 3346 2991 uno
3378 2939 3498 2993 loco

1917 3031 2312 3086 memorantur,
2344 3023 2607 3077 nimirum
2639 3023 2932 3080 Dominum
2961 3036 3208 3082 nostrum
3233 3030 3498 3098 primaria

1917 3112 1973 3166 in
2011 3114 2100 3167 illa
2129 3115 2237 3178 die,
2281 3116 2491 3169 calcata
2529 3125 2725 3184 morte,
2757 3117 2925 3172 vitam
2964 3119 3128 3174 nobis
3162 3135 3228 3174 cx
3263 3124 3499 3179 mortuis

1919 3203 2196 3270 eﬂudisse,
2231 3206 2297 3260 ad
2330 3207 2668 3262 undecimam
2704 3211 2991 3282 periodum
3031 3213 3366 3283 cyclicorum
3401 3231 3502 3270 an-

1919 3312 2115 3352 norum
2147 3297 2272 3358 552.
2304 3305 2358 3353 et
2404 3299 2525 3369 ejus
2555 3315 2761 3354 annum
2807 3299 2912 3354 215
2945 3302 3186 3356 animum
3225 3304 3500 3371 advertat,

1917 3391 1973 3445 in
2003 3407 2180 3461 eoque
2219 3391 2488 3446 decimam
2526 3401 2779 3462 quartam
2828 3391 3040 3447 Hebraei
3077 3392 3368 3450 Paschatis
3416 3405 3502 3449 at-

1915 3485 2122 3540 tendat.
2151 3483 2303 3539 Hanc
2319 3485 2465 3539 enim
2489 3485 2731 3539 inveniet
2753 3483 2841 3539 die
2863 3499 2999 3538 xxiii
3021 3483 3202 3540 Martii
3223 3485 3496 3554 ejusdem,

1917 3591 1981 3630 ac
2010 3576 2331 3641 Parasceve,
2383 3577 2438 3630 in
2474 3575 2814 3632 salutiferam
2851 3577 3165 3646 passionem
3209 3577 3496 3640 incidisse,

1919 3683 2083 3738 quam
2116 3683 2216 3737 pro
2249 3667 2412 3722 nobis
2444 3667 2536 3722 ille
2565 3667 2860 3735 sustinuit;
2893 3674 2947 3722 et
2982 3669 3232 3738 sepultus
3272 3683 3304 3722 a
3342 3668 3500 3726 Jose-

1917 3759 2159 3830 pho,qui
2185 3775 2251 3815 ex
2276 3760 2602 3814 Arimathaza
2633 3767 2752 3815 erat
2776 3759 3070 3825 oriundus,
3103 3769 3154 3816 et
3176 3759 3497 3829 Nicodemo,

1916 3853 2076 3906 tertia
2103 3851 2172 3906 ab
2194 3850 2384 3907 eadem
2413 3850 2715 3906 Parasceve
2735 3851 2823 3907 die
2853 3852 3155 3907 resurrexit
3187 3871 3200 3907 :
3231 3868 3338 3907 una
3361 3852 3499 3909 Sab-

1915 3943 2190 4010 batorum,
2240 3951 2295 3998 et
2348 3941 2517 3997 Nisan
2565 3943 2729 4012 primi
2775 3943 2919 4014 apud
2968 3943 3226 4000 Hebraeos
3285 3946 3494 4002 mensis

1916 4035 2092 4105 prima
2122 4033 2243 4101 die;
2272 4050 2392 4104 quae
2421 4034 2680 4090 vicesima
2709 4035 2902 4106 quinta
2926 4034 3106 4090 Martii
3138 4051 3246 4091 una
3271 4037 3494 4093 eadem-

1915 4141 2022 4196 que
2062 4141 2279 4197 semper
2317 4125 2533 4181 incidit.

1984 4217 2153 4290 lgitur
2179 4218 2495 4285 Africanus,
2530 4233 2656 4273 cum
2692 4217 2748 4274 in
2783 4233 2990 4273 annum
3023 4217 3214 4273 mundi
3244 4217 3378 4274 5501
3411 4219 3496 4273 di-

1914 4312 2097 4365 vinam
2135 4311 2575 4368 lncarnationem
2613 4320 2980 4367 consentanee
3033 4310 3319 4364 traditioni
3361 4325 3494 4381 apo-

1916 4402 2120 4457 stolicee
2149 4403 2496 4473 conjecisset,
2539 4402 2594 4456 in
2618 4402 2875 4472 passione
2905 4417 2968 4455 ac
2994 4400 3274 4455 salutifera
3302 4416 3481 4456 resur-

1915 4494 2158 4548 rectione
2196 4492 2570 4562 consignanda
2615 4492 2838 4546 biennio
2867 4491 3162 4552 aberravit,
3200 4501 3490 4561 utramque

1913 4584 2201 4640 conferens
2224 4585 2279 4639 in
2302 4600 2504 4639 annum
2537 4583 2726 4638 mundi
2759 4584 2918 4638 5551.
2950 4583 3019 4636 At
3047 4581 3315 4636 Eusebius
3335 4579 3492 4634 Pam-

1914 4678 2047 4749 phili
2067 4692 2240 4733 annos
2269 4678 2339 4732 ab
2366 4676 2577 4731 Adamn
2616 4676 2684 4732 ad
2710 4684 2893 4729 ortum
2921 4673 3202 4736 Abraami,
3243 4673 3335 4743 qui
3363 4671 3488 4727 Nini

1913 4784 1976 4822 ac
2018 4767 2397 4823 Semiramidis
2440 4783 2625 4837 regum
2667 4766 2909 4836 Assyria:
2938 4764 3301 4834 temporibus,
3334 4777 3487 4817 com-

1912 4863 2066 4917 muni
2105 4863 2361 4933 opinione
2403 4861 2676 4931 congruit,
2725 4860 2780 4912 in
2827 4873 2992 4911 unam
3027 4872 3296 4911 summam
3335 4855 3490 4908 colli-

1911 4969 2068 5024 gens,
2109 4955 2242 5010 5181
2290 4954 2517 5025 putavit,
2558 4952 2813 5008 Hebraeos
2858 4949 3078 5006 codices
3127 4957 3352 5006 secutus
3390 4956 3488 5004 :et

1913 5047 2217 5102 secundum
2245 5045 2476 5109 Cainan,
2515 5045 2608 5115 qui
2642 5044 2779 5098 vixit
2811 5057 2986 5097 annos
3014 5057 3154 5096 cxxx
3192 5048 3486 5110 antequam

1913 5137 2182 5207 gigneret,
2214 5139 2269 5192 in
2301 5138 2442 5192 serie
2471 5135 2694 5190 minime
2718 5132 3005 5188 collocavit
3032 5150 3046 5186 :
3076 5131 3236 5200 cujus
3264 5129 3486 5198 quidem

1913 5229 2090 5285 Lucas
2120 5229 2453 5299 evangelista
2479 5227 2727 5284 meminit
2754 5226 2808 5279 in
2835 5222 3148 5295 genealogia
3173 5236 3271 5277 sua
3301 5237 3315 5274 :
3340 5218 3485 5289 quod

1912 5323 2041 5377 alibi
2083 5321 2194 5389 jam
2245 5322 2503 5376 diximus.
2552 5319 2750 5375 Nostra
2809 5333 2975 5387 porro
3021 5313 3373 5382 chronologia
3415 5311 3486 5365 ab

1913 5415 2120 5467 Ailamo
2175 5414 2242 5466 ad
2299 5421 2480 5467 ortum
2539 5411 2798 5466 Abraami
2867 5425 3041 5464 annos
3100 5403 3486 5474 complectitur

1912 5505 2075 5559 5512:
2105 5505 2197 5575 qui
2233 5497 2496 5559 numerus
2525 5513 2636 5558 tam
2663 5503 2828 5558 Mosis
2853 5501 3093 5556 histori-n
3119 5513 3278 5568 quam
3317 5511 3451 5548 evar
3470 5524 3484 5537 -

1913 5599 2096 5668 genere
2132 5599 2460 5670 genealogiae
2515 5595 2676 5652 Luca:
2728 5596 3005 5652 convenit.
3041 5593 3085 5647 Α
3133 5589 3302 5646 natali
3350 5601 3484 5642 veto

3115 5752 3137 5784 ⁶
3172 5767 3280 5807 cor.
3309 5741 3482 5816 ,ττισό
