4022 6398
513 399 642 455 14H
1531 398 1622 452 AD
1653 397 1916 454 EUSEBH
1940 394 2342 454 CHRONICON
2373 394 2735 451 APPL‘NBIX.
3612 403 3763 457 In:

512 511 769 569 Ahraami
812 526 986 582 usque
1012 510 1080 565 ad
1121 510 1460 566 salutiferam
1491 526 1708 567 crucem
1729 526 1782 568 ct
1811 513 2078 568 viviticam

2180 509 2273 563 τοῦ
2304 510 2572 582 σωτηρίου
2603 508 2836 581 σταυροῦ
2871 509 3084 580 καὶτῆς
3117 508 3378 572 ζωοποιοῦ
3403 509 3766 576 ἀναστάσεως

512 607 990 666 resurrectionem,
1024 618 1197 658 annos
1224 603 1368 658 2048
1400 604 1617 675 collegit
1646 603 1936 668 Eusebius,
1958 621 2082 660 cum

2186 601 2327 672 ,βμιτ
2370 602 2462 672 ἔτη
2499 602 2742 672 συνῆξεν·
2789 601 2946 654 ἀτινα
2981 601 3124 654 κατά
3151 601 3241 654 τὸν
3274 601 3448 672 ἁληθῆ
3479 602 3635 672 λόγον
3661 606 3766 677 ἔτη

512 710 582 748 ex
615 693 923 748 verioribus
975 692 1282 748 ratiociniis
1336 702 1596 763 putentur
1641 708 1672 746 a
1719 695 1878 748 nobis
1918 694 2080 749 222i.

2184 694 2350 762 ,βσκα⁹
2382 695 2510 763 ἡμῖν
2536 691 2952 760 ἐπιλελόγισται.
2976 694 3110 762 Ἐτη
3133 693 3187 746 δὲ
3212 693 3279 746 τὰ
3301 695 3477 748 πάντα
3498 697 3560 762 ἐξ
3587 697 3771 768 Ἀδὰμ.

515 785 681 840 Fiunt
715 785 770 839 in
815 793 987 838 totum
1037 784 1163 838 anni
1205 785 1274 838 ah
1313 785 1522 838 Adamo
1563 783 1703 840 5535
1735 785 2081 864 :.§ecundum

2183 783 2366 852 ,εφλγη
2415 782 2557 835 κατά
2581 781 2636 834 δὲ
2668 782 2923 835 Εύσέὸιον
2951 782 3126 851 ,εσλβυ
3157 784 3292 855 ὅπερ
3314 785 3594 858 ἀλλότριον
3622 789 3771 845 πάν-

512 875 814 930 Eusehium
842 889 994 938 vero,
1026 877 1155 929 anni
1182 873 1344 940 5252,
1377 875 1520 944 quod
1554 875 1621 930 ab
1650 878 1946 946 apostolica
1972 885 2086 929 tra-

2182 890 2248 945 τη
2280 874 2382 944 τῆς
2414 873 2776 943 ἀποπολικῆς
2808 873 3180 944 παραδόσεως·
3213 875 3242 927 ὃ
3274 878 3368 929 καὶ
3413 880 3477 929 ὲκ
3510 878 3770 950 παραλο-

512 967 722 1022 ditione
762 966 983 1036 penitus
1029 965 1306 1020 abhorret.
1349 965 1450 1021 Hic
1489 975 1670 1022 autem
1710 984 1776 1022 ex
1814 967 2084 1037 ejusmodi

2183 964 2383 1036 γισμοῦ
2415 963 2619 1017 τοιοῦδε
2660 963 2915 1030 πέπονθε,
2964 965 3100 1034 πρὸς
3135 968 3248 1029 τοῖς
3285 966 3361 1036 ρλ¹
3405 967 3497 1020 τοῦ
3544 971 3771 1022 Καῖνᾶν

515 1057 947 1113 hallucinatione
978 1057 1056 1112 illi
1099 1072 1255 1113 error
1281 1058 1560 1128 obrepsit,
1595 1058 1740 1129 quod
1768 1068 1963 1128 praeter
1986 1075 2086 1113 an-

2183 1057 2349 1120 ἔτεσι,
2381 1054 2523 1110 κατά
2547 1055 2636 1108 τὸν
2665 1055 2722 1108 ὲν
2750 1057 2861 1118 τοῖς
2886 1056 3112 1127 Κριταῖς
3144 1057 3454 1126 ἀλλοφύλων
3474 1061 3493 1091 ⁷
3523 1061 3624 1130 ἐτη
3653 1069 3771 1131 ρια’

513 1165 615 1206 uos
644 1149 879 1205 Caiuani
911 1149 1036 1214 130,
1072 1150 1210 1206 alios
1244 1151 1468 1220 insuper
1497 1150 1592 1204 111
1620 1151 1802 1206 omisit
1829 1151 2085 1221 Alloiihy-

2184 1149 2542 1222 παραλείψας·
2574 1149 2644 1203 τά
2675 1167 2736 1202 τε
2766 1150 2862 1220 τῆς
2893 1150 3156 1221 ἀναρχίας
3186 1152 3278 1202 καὶ
3308 1153 3525 1223 εἰρήνης
3554 1153 3651 1224 ἔτη
3685 1161 3767 1224 μ’·

513 1242 714 1305 lurum,
747 1241 839 1311 qui
875 1241 930 1295 iu
961 1240 1218 1296 Judicum
1246 1241 1388 1296 libro
1417 1242 1768 1298 continentur
1805 1262 1816 1296 :
1851 1257 1951 1296 uec
1975 1259 2084 1297 nou

2027 1259 2084 1297 )It
2185 1242 2278 1296 καὶ
2310 1241 2388 1294 ἔτι
2414 1240 2508 1295 τοῦ
2539 1240 2764 1313 Δαρείου
2795 1239 2888 1294 τοῦ
2911 1241 3006 1293 καὶ
3039 1241 3368 1311 Ἀστυάγους
3400 1243 3492 1313 ἔτη
3521 1250 3615 1296 ια’.

512 1333 816 1402 interregni
836 1340 890 1388 et
912 1333 1086 1403 pacis,
1113 1332 1213 1400 40;
1247 1333 1374 1387 item
1412 1331 1582 1398 Darii,
1610 1332 1705 1404 qui
1737 1341 1790 1387 et
1820 1333 2083 1405 Astyages

510 1420 700 1476 dictus
725 1429 832 1485 est,
866 1437 1041 1478 annos
1070 1438 1144 1477 ιι.

579 1511 900 1568 Panodorus
932 1529 1060 1569 vero
1104 1530 1246 1568 unus
1281 1529 1349 1568 ex
1392 1513 1608 1585 Aigypti
1648 1515 1951 1578 monachis,
1999 1515 2084 1569 hi-

2252 1507 2565 1578 Πανόδωρος
2595 1506 2652 1560 δέ
2690 1523 2777 1570 τις
2807 1505 2914 1559 τῶν
2954 1506 3074 1560 κατ’
3103 1507 3376 1574 Αἴγυπτον
3413 1502 3491 1571 εἷς
3521 1511 3773 1581 poeula;

511 1603 767 1670 storicus,
797 1619 972 1674 neque
995 1605 1359 1674 chronologite
1385 1607 1744 1662 accuratioris
1775 1607 2080 1678 imperitus,

2186 1600 2474 1670 ἱστορικὸς,
2512 1600 2612 1653 οὐκ
2644 1601 2869 1671 ἄπειρος
2903 1599 3161 1670 χρονικῆς
3195 1601 3496 1672 ἀκρισείας,
3546 1603 3610 1654 ὲν
3650 1605 3773 1666 τοῖς

510 1695 606 1763 qui
637 1693 857 1748 Arcadii
899 1694 1265 1764 imperatoris,
1303 1710 1366 1748 ac
1402 1693 1691 1764 Theophili
1727 1695 2082 1750 Alexandrini

2185 1697 2393 1768 χρόνοις
2434 1696 2690 1768 ἀκμάσας
2733 1695 3016 1766 Ἀρκαδίου
3061 1693 3321 1764 βασιλέως
3364 1697 3456 1749 καὶ⁵
3496 1695 3773 1764 Θεοφίλου

510 1784 914 1856 archiepiscopi
969 1792 1214 1855 tempore
1263 1785 1466 1850 ﬂoruit,
1516 1801 1640 1840 cum
1686 1787 1970 1842 veritatem
2026 1787 2080 1842 in

2195 1787 2598 1859 Ἀλεξανδρείας
2618 1786 3069 1858 ἀρχιεπισκόπου,
3097 1785 3354 1857 ἀλήθειαν
3375 1787 3779 1857 ἀσπασάμενος

509 1874 790 1945 plerisque
818 1874 1104 1941 tenuisset,
1135 1883 1341 1945 septem
1378 1876 1652 1931 aberravit
1679 1877 1860 1941 annis,
1894 1877 1984 1931 ubi
2013 1877 2080 1932 ad

2191 1881 2238 1931 ὲν
2273 1858 2506 1943 πολλοῖς,
2535 1879 2579 1941 ζ’
2603 1876 2904 1947 διήμαρτεν
2930 1875 3123 1942 ἔτεσιν,
3153 1875 3323 1929 ἐλθὼν
3351 1879 3431 1940 είς
3454 1878 3555 1947 τὴν
3591 1883 3779 1948 σωτή-

507 1963 849 2021 Ialutil'eram
879 1967 1308 2020 incarnationem
1339 1969 1602 2035 pervenit.
1637 1966 1790 2022 Hanc
1819 1969 1964 2023 enim
1993 1983 2082 2022 an-

2187 1989 2294 2044 ριον
2324 1971 2614 2041 σάρκωσιν,
2645 1969 2723 2040 τῷ
2764 1973 2925 2037 ,ευιττ
2968 1967 3077 2022 ἔτει
3124 1969 3328 2039 ταύτην
3363 1968 3775 2039 συλλογισάμε-

511 2072 584 2112 no
611 2057 797 2111 mundi
831 2055 972 2112 5495
1004 2057 1251 2126 illigavit.
1285 2056 1454 2127 Cujus
1483 2059 1572 2113 ille
1597 2060 1801 2115 erroris
1827 2060 2080 2114 occasio-

2188 2076 2289 2122 νος.
2336 2057 2396 2111 'H
2429 2058 2484 2111 δὲ
2517 2057 2663 2111 αἰτία
2685 2055 2778 2109 τοῦ
2802 2056 3115 2128 σφάλματος
3135 2058 3300 2110 αὑτοῦ
3325 2059 3542 2125 γέγονεν
3564 2060 3776 2122 οὕτως.

511 2165 636 2205 nem
669 2149 856 2203 habuit
888 2165 954 2202 ex
997 2164 1085 2213 eo,
1135 2148 1283 2218 quod
1327 2149 1384 2203 in
1431 2165 1574 2204 anno
1621 2151 1798 2220 primo
1845 2149 2080 2222 Philippi

2193 2149 2315 2202 Ἐπὶ
2346 2147 2455 2219 γὰρ
2484 2147 2542 2201 τὸ
2577 2155 2624 2200 α’
2658 2147 3062 2209 ἔτοςΦιλίππου
3091 2147 3184 2200 τοῦ
3219 2148 3487 2220 Ἀριδαίου
3517 2149 3617 2201 τοῦ
3644 2152 3776 2217 μετ’

505 2239 728 2305 Aridaai,
753 2241 846 2310 qui
871 2239 1184 2294 Alexandro
1210 2239 1493 2296 Macedoni
1524 2242 1733 2312 primus
1767 2244 1820 2297 in
1853 2259 2080 2314 regnum

2193 2239 2536 2312 Ἀλέξανδρον
2563 2240 2653 2292 τὸν
2679 2239 2962 2293 Μακεδόνα
2988 2238 3404 2308 βασιλεύσαντος
3432 2241 3775 2294 Μακεδόνων

507 2333 812 2398 successit;
843 2331 1036 2386 eodem
1069 2332 1342 2395 videlicet,
1379 2334 1434 2387 in
1469 2349 1578 2404 quo
1597 2342 1652 2389 et
1672 2335 1933 2390 Claudius
1955 2335 2082 2391 Pto-

2189 2337 2248 2396 ι’,
2285 2331 2406 2385 καθ’
2443 2331 2472 2384 ὃ
2511 2331 2629 2394 ἔτος
2666 2332 2759 2384 καὶ
2801 2333 2830 2384 6
2863 2331 3128 2393 Κλαύδιος
3159 2331 3490 2400 Πτολεμαῖος
3523 2333 3627 2402 τὴν
3654 2334 3777 2386 τῶν

507 2423 733 2479 lem-aius
776 2423 1154 2492 expeditorum
1197 2439 1471 2478 canonum
1519 2427 1804 2480 ratiocinia
1855 2427 2076 2494 deﬁxit;

2186 2420 2486 2490 προχείρων
2528 2420 2767 2473 κανόνων
2803 2419 3156 2492 ψηφηφορίαν
3184 2418 3416 2490 ἐπήξατο
3451 2421 3632 2492 ἀρχὴν
3665 2423 3774 2474 Αἰ-

509 2513 724 2567 initium
775 2513 971 2568 statuit
1003 2513 1310 2585 Egyptiaci
1366 2515 1517 2579 anni,
1573 2526 1734 2585 atque
1775 2514 1968 2582 Graeci,
2017 2517 2079 2571 in

2187 2510 2484 2580 γυπτιακοῦ
2530 2512 2625 2565 καὶ
2669 2509 2984 2582 Ἑλληνικοῦ
3024 2511 3196 2574 ἔτους,
3253 2511 3392 2564 κατά
3437 2512 3535 2582 τὴν
3586 2519 3636 2564 α’
3667 2513 3775 2564 τοῦ

506 2605 684 2676 prima
714 2605 804 2660 die
833 2603 1035 2669 Thoth,
1079 2606 1243 2675 primi
1288 2604 1670 2678 Egyptiorum
1705 2607 1933 2671 mensis,
1966 2605 2078 2660 Au-

2185 2603 2298 2656 Θὼθ
2334 2604 2501 2676 μηνὸς
2535 2605 2665 2676 παρ’
2706 2602 3024 2671 Αἰγυπτίοις
3053 2602 3370 2673 λεγομένου,
3406 2603 3487 2655 κθ⁹
3519 2605 3618 2656 τοῦ
3650 2606 3773 2658 Δύ-

504 2695 652 2764 gusti
685 2710 846 2763 xxix;
881 2696 1027 2766 quod
1057 2696 1126 2750 ad
1156 2698 1401 2752 eamdem
1445 2699 1709 2768 epocham
1758 2699 2074 2754 revolvitur.

2183 2693 2406 2762 γούστου
2449 2695 2614 2765 μηνὸς
2644 2689 2806 2747 οὖσαν
2846 2695 3379 2764 ἀποκαταστατικὴν,
3413 2695 3715 2765 ὁμόχρονον
3742 2697 3771 2727 ⁸

506 2786 623 2841 Hoc
655 2802 786 2842 vero
815 2796 1032 2860 tempus
1067 2791 1205 2845 citra
1233 2790 1668 2845 controversiam
1701 2805 1846 2844 anno
1888 2790 2076 2844 mundi

2184 2784 2620 2855 ὁμολογουμένως
2660 2784 2778 2837 ἐστὶ
2801 2785 2880 2855 τῷ
2917 2783 3035 2856 ,ερο’
3062 2784 3168 2837 ἔτει
3205 2783 3297 2837 τοῦ
3344 2785 3572 2855 κόσμου.
3628 2785 3772 2840 Ἀπὸ

505 2881 647 2936 5170
675 2881 952 2936 tribuitur.
977 2880 1148 2937 Porro
1169 2883 1238 2937 ab
1260 2897 1404 2936 anno
1429 2883 1604 2953 primo
1623 2881 1878 2953 Philippi,
1902 2897 2077 2952 usque

2183 2874 2270 2929 τοῦ
2303 2875 2464 2929 αὐτοῦ
2491 2873 2531 2928 δ’
2557 2876 2578 2907 ³
2604 2875 2758 2938 ἔτους
2783 2875 3048 2928 Φιλίππου
3075 2875 3235 2946 μέχρι
3259 2875 3358 2945 τῆς
3386 2875 3771 2949 καθαιρέσεως

503 2973 574 3028 ad
620 2975 820 3028 victam
872 2974 1246 3046 Cleopatram,
1296 2976 1427 3030 anni
1477 2974 1778 3031 secundum
1838 2990 2075 3032 canones

2179 2967 2531 3038 Κλεοπάτρας
2566 2967 2659 3037 ἔτη
2707 2968 2851 3022 κατά
2883 2969 3009 3031 τοὺς
3051 2969 3477 3040 ἀστρονομικοὺς
3526 2970 3767 3033 κανόνας

503 3067 904 3123 astronomicos
931 3076 1290 3123 numerantur
1321 3068 1444 3124 294.
1475 3066 1640 3122 Fiunt
1673 3071 1742 3123 ab
1779 3069 1912 3123 orbe
1943 3084 2072 3123 con-

2176 3059 2558 3126 ὲπισυνάγεται
2613 3059 2744 3125 σιτδν.
2802 3059 2934 3112 Ἀπὸ
2974 3061 3068 3113 τοῦ
3111 3060 3276 3113 αὐτοῦ
3319 3057 3440 3130 ,ερο¹
3487 3062 3764 3131 κοσμικοῦ

502 3156 638 3221 dito,
661 3163 716 3210 et
747 3157 816 3211 ab
838 3157 1046 3212 Adamo
1072 3158 1138 3212 ad
1162 3161 1368 3214 exitum
1400 3158 1722 3229 Cleopatrae,
1759 3160 1886 3213 anni
1911 3159 2069 3214 5463.

2179 3150 2330 3213 ἔτους
2363 3148 2403 3202 ε’
2428 3151 2472 3181 ¹⁶
2507 3151 2746 3219 γίνονται
2793 3149 2953 3222 ,ευξγ’
3015 3152 3185 3222 Ἀδὰμ
3231 3151 3336 3217 ἕως
3381 3151 3766 3222 καθαιρέσεως

504 3246 709 3301 Verum
738 3247 808 3302 ab
827 3249 1205 3304 ecclesiastica
1231 3249 1526 3304 traditione
1554 3250 1810 3304 dissentit
1845 3249 1899 3302 in
1932 3262 2076 3303 anno

2180 3242 2557 3313 Κλεοπάτρας.
2581 3243 2738 3296 Κατά
2757 3243 2913 3296 τοῦτο
2937 3243 2997 3296 οὐ
3023 3244 3236 3315 συνᾴδει
3269 3246 3335 3314 τῇ
3362 3243 3761 3314 ὲκκλησιατικῇ

499 3335 574 3390 45
609 3336 840 3406 Augusti
878 3337 1134 3404 Caesaris,
1177 3353 1286 3407 quo
1327 3337 1590 3394 Dominus
1627 3346 1816 3394 noster
1854 3354 2074 3393 carnem

2179 3335 2488 3406 παραδόσει,
2519 3335 2593 3398 ὡς
2615 3336 2676 3387 τὸ
2702 3336 2837 3405 πρὸς
2862 3335 2922 3389 τὸ
2959 3343 3047 3406 μγ⁹
3075 3335 3194 3398 ἔτος
3219 3336 3533 3406 Αὐγούστου
3548 3338 3767 3391 Καίσα-

501 3428 704 3484 induit.
766 3427 889 3484 Non
925 3432 1072 3485 enim
1119 3431 1305 3502 plures
1343 3447 1507 3502 quam
1543 3431 1616 3486 45
1657 3447 1833 3488 annos
1865 3447 1895 3484 a
1928 3431 2074 3486 victa

2178 3445 2288 3499 ρος’
2321 3428 2481 3499 ἡνίκα
2513 3430 2541 3482 6
2568 3427 2770 3499 Κύριος
2797 3427 2954 3498 ἡμῶν
2981 3426 3287 3499 ὲσαρκώθη·
3327 3429 3464 3500 μόνα
3504 3429 3620 3501 γὰρ
3656 3431 3764 3486 ἀπὶ

501 3520 789 3591 Cleopatra
834 3529 890 3575 et
926 3519 1162 3593 Egypto
1203 3523 1453 3587 subacta,
1490 3523 1631 3594 apud
1661 3523 2073 3578 mathematicos

2174 3522 2272 3592 τῆς
2298 3522 2466 3592 αὐτῆς
2496 3520 2865 3592 καθαιρέσεως
2902 3521 2996 3574 καὶ
3029 3521 3305 3592 ὑποταγῆς
3339 3520 3625 3588 Αἰγύπτου
3674 3531 3762 3592 μγ*

502 3613 803 3681 imperasse
833 3611 1037 3666 dicitur
1082 3614 1384 3686 Augustus.
1411 3615 1569 3682 Quod
1605 3616 1650 3671 si
1687 3629 2010 3670 concessum
2041 3629 2072 3669 a

2175 3612 2267 3682 ἔτη
2295 3613 2504 3682 λέγεται
2535 3612 2975 3684 βεϐασιλευκέναι
3004 3613 3154 3684 παρά
3174 3617 3284 3677 τοῖς
3306 3613 3716 3684 μαθηματικοξ
3734 3618 3763 3670 ὁ

500 3705 662 3759 nobis
687 3703 874 3766 fuerit,
909 3719 1258 3777 consequens
1295 3708 1402 3762 erit
1435 3722 1578 3762 anno
1614 3705 1803 3761 mundi
1836 3705 1975 3761 5505
2006 3721 2072 3760 ex

2172 3703 2496 3772 Αὔγουστος.
2540 3706 2716 3776 Ὅπερ
2748 3710 2796 3760 εί
2825 3706 3002 3778 δῶμεν
3033 3705 3335 3776 ἀληθεύειν,
3380 3706 3760 3777 εύρηθήσεται

501 3797 605 3852 hac
637 3798 748 3852 vita
777 3799 1082 3869 Augustum
1113 3799 1443 3855 excessisse.
1490 3800 1559 3853 At
1588 3799 1730 3854 idem
1761 3799 1878 3868 ipse
1906 3799 2070 3869 quin-

2175 3796 2315 3850 κατὰ
2348 3797 2408 3848 τὸ
2435 3794 2556 3866 ,εφέ
2596 3795 2717 3860 ἔτος
2744 3797 2838 3850 τοῦ
2881 3798 3086 3867 κόσμου
3129 3797 3456 3867 τελευτήσας
3490 3801 3519 3850 ὁ
3548 3798 3763 3866 Αὔγου-

499 3897 590 3944 tus
629 3890 734 3943 erit
764 3890 941 3945 aetatis
978 3888 1279 3946 Salvatoris
1313 3906 1491 3947 annus
1526 3909 1538 3945 :
1571 3890 1717 3961 quod
1753 3902 1938 3960 aperte
1970 3890 2072 3944 fal-

2175 3904 2312 3950 στος.
2343 3886 2432 3958 Τῷ
2462 3888 2507 3941 δ’
2537 3887 2685 3959 αὐτῷ
2717 3887 2756 3941 ε’
2793 3888 2944 3942 ἔσται
2973 3889 3071 3960 τῆς
3104 3888 3198 3941 τοῦ
3232 3889 3487 3960 Σωτῆρος
3514 3891 3759 3960 ἡλικίας.

499 3997 620 4038 sum
649 3990 751 4036 est.
783 3980 938 4048 Quod
966 3989 1144 4036 autent
1177 3983 1325 4037 circa
1348 3984 1557 4038 obitum
1581 3984 1815 4038 Caesaris
1839 3984 2071 4054 Augusti

2186 3984 2322 4036 Ἀλλ’
2356 3985 2438 4038 ὃτι
2474 3984 2571 4054 μέν
2611 3987 2726 4038 ὲστι
2759 3987 2801 4016 ¹¹
2827 3986 3112 4058 πρόδηλονο
3142 3986 3223 4039 ὅτι
3255 3984 3311 4037 δὲ
3338 3985 3482 4039 κατά
3517 3987 3614 4039 τὸν
3654 3988 3761 4040 Δύο

497 4072 813 4145 quindecim
845 4073 1074 4128 circiter
1105 4089 1374 4129 annorum
1408 4073 1672 4130 Dominus
1701 4080 1869 4137 esset,
1906 4089 1971 4129 ac
2000 4090 2069 4129 xv

2173 4076 2398 4144 γούστου
2425 4077 2700 4148 Καίσαρος
2729 4079 2955 4132 θάνατον
2985 4085 3045 4132 ιε’
3078 4079 3244 4147 ὲγγὺς
3274 4074 3406 4148 ἦγεν
3437 4079 3560 4142 ἔτος
3585 4084 3616 4134 ό
3647 4081 3761 4133 Κύ-

497 4164 703 4220 Tiberii
736 4165 972 4222 Caesaris
1005 4180 1274 4220 annorum
1310 4164 1421 4219 fere
1461 4181 1591 4228 xxx,
1627 4172 1684 4217 ut
1727 4179 1886 4218 sacra
1920 4163 2068 4218 Scri-

2171 4185 2305 4238 ριος,
2332 4169 2426 4221 καὶ
2450 4170 2589 4222 κατά
2614 4168 2674 4221 τὸ
2705 4176 2762 4222 ιε’
2788 4170 3040 4242 Τιϐερίου
3062 4162 3339 4241 Καίσαρος
3363 4171 3495 4223 ὡσεὶ
3522 4173 3669 4224 ἐτῶν
3691 4169 3759 4242 ἦν

497 4269 654 4327 ptura
684 4257 867 4323 docet,
901 4257 1105 4313 nemini
1137 4257 1362 4312 dubium
1400 4267 1503 4314 est.
1543 4257 1617 4311 Ita
1646 4256 1933 4328 contigerit
1956 4258 2067 4311 Au-

2173 4259 2233 4324 λ’,
2265 4260 2339 4323 ὡς
2369 4259 2437 4314 τὰ
2471 4259 2646 4330 λόγια,
2683 4263 2776 4315 καὶ
2814 4261 2973 4316 τοῦτο
3013 4264 3308 4336 προφανές.
3359 4264 3554 4316 Ἔσται
3592 4265 3704 4336 ἄρα
3730 4266 3761 4316 ὁ

495 4349 645 4417 gusti
678 4348 912 4404 Caesaris
942 4349 1121 4404 exitus
1167 4349 1309 4403 inter
1354 4363 1556 4403 annum
1599 4347 1786 4403 mundi
1833 4348 1973 4402 5514
2015 4355 2068 4402 et

2171 4350 2268 4419 μὲν
2298 4349 2608 4418 Αὐγούστου
2641 4352 2920 4424 Καίσαρος
2967 4353 3192 4417 θάνατος
3247 4353 3448 4425 μεταξύ
3500 4371 3607 4408 που
3658 4357 3757 4408 τοῦ

493 4438 666 4505 5515;
702 4441 918 4495 initium
947 4448 1128 4495 autem
1164 4440 1377 4510 imperii
1411 4440 1577 4494 totius
1610 4454 1754 4493 anno
1778 4439 1935 4494 5458.
1971 4439 2068 4493 Pa-

2172 4439 2314 4508 ,εφιᾶ
2348 4439 2612 4509 κοσμικοῦ
2646 4439 2797 4504 ἔτους
2825 4441 2918 4494 καὶ
2948 4441 3041 4494 τοῦ
3075 4449 3248 4514 ,εφιεη
3287 4444 3320 4512 ἡ
3366 4443 3420 4495 δὲ
3469 4443 3620 4514 ἀρχὴ
3659 4446 3760 4514 τῆς

494 4533 738 4586 nodorus
764 4547 893 4587 vero
928 4532 1372 4587 mathematicum
1408 4548 1670 4587 cauonem
1703 4541 1926 4590 secutus
1954 4536 2064 4586 Au-

2167 4531 2293 4600 ὃλης
2331 4530 2606 4600 βασιλείας
2647 4532 2810 4586 αὑτοῦ
2854 4533 2932 4604 τῷ
2964 4541 3140 4605 ,ευνη’.
3196 4535 3516 4606 Πανόδωρος
3557 4536 3642 4600 δὲ,
3690 4540 3755 4606 τῇ

492 4622 637 4690 gusti
659 4621 874 4692 imperii
896 4622 1255 4693 primordium
1288 4624 1519 4678 contulit
1550 4623 1605 4677 in
1641 4639 1842 4678 anuum
1875 4618 2080 4679 mundi

2229 4625 2525 4694 ιθηματικῇ
2551 4624 2918 4688 ὲξακολουθῶν
2944 4627 3172 4690 ἐκδόσει,
3200 4627 3297 4697 τὴν
3327 4627 3422 4697 μὲν
3449 4627 3633 4698 ἀρχὴν
3657 4629 3758 4697 τῆς
3799 4642 3817 4672 ι

495 4709 654 4774 5451,
689 4721 920 4767 mortem
961 4729 1088 4768 vero
1123 4714 1175 4767 in
1222 4730 1424 4770 annum
1466 4714 1626 4779 5506,
1657 4716 2060 4787 generationem

2170 4714 2474 4783 Αὐγούστου
2505 4715 2780 4786 βασιλείας
2806 4715 2884 4786 τῷ
2905 4725 3058 4780 ,ευνα’
3089 4717 3198 4770 ἔτει
3227 4717 3319 4770 τοῦ
3346 4719 3549 4788 κόσμου
3579 4722 3758 4772 ἐποι-

492 4803 727 4873 denique
751 4803 954 4859 Christi
980 4805 1035 4858 in
1064 4804 1222 4872 5495,
1253 4805 1400 4876 quod
1429 4808 1497 4862 ab
1523 4821 1588 4862 eo
1617 4821 1899 4876 perperam
1933 4822 2063 4861 con-

2169 4809 2382 4876 χείωσε,
2412 4807 2472 4860 τὸ
2499 4806 2555 4860 δὲ
2587 4808 2738 4870 τέλος
2761 4807 2838 4878 τῷ
2859 4817 3017 4878 ,εφς¹,
3045 4809 3142 4880 τὴν
3175 4810 3230 4862 δὲ
3259 4813 3525 4882 σωτήριον
3552 4813 3757 4884 γέννη-

492 4900 602 4948 stat
624 4908 749 4949 esse
778 4893 1003 4948 factum.

2170 4911 2252 4948 σιν
2277 4895 2355 4965 τῷ
2385 4900 2572 4964 ,ευιχκ
2604 4898 2667 4950 ού
2701 4898 2882 4962 καλῶς
2906 4900 3348 4971 διανοησάμενος.

1399 5047 1496 5108 Ad
1531 5046 1791 5126 Georgii
1833 5045 2112 5124 δμηθεΗί
2157 5048 2603 5125 Fragmentum
2635 5051 2834 5113 Νοιω.

563 5167 693 5220 ὀτι
710 5165 827 5236 μὲν
856 5169 1024 5236 ,εφλα
1043 5207 1058 5220 .
1083 5164 1343 5220 Veterum
1379 5166 1678 5219 multorum
1709 5165 1897 5237 opinio
1938 5167 2061 5234 fuit,

2243 5168 2344 5234 Ὠς
2370 5165 2521 5223 εἷναι
2539 5169 2647 5223 τὸν
2679 5170 2799 5225 ἀπὸ
2833 5173 2943 5241 τῆς
2979 5175 3163 5241 θείας.
3193 5176 3322 5232 Tria
3357 5178 3446 5233 hic
3473 5180 3745 5237 observa-

487 5255 768 5312 Christum
794 5271 907 5310 uno
940 5263 1151 5310 tantum
1183 5269 1330 5308 anno
1359 5254 1710 5324 pradicasse,
1732 5271 1906 5326 eoque
1933 5271 2062 5325 pas-
2161 5256 2311 5311 tione
2342 5258 2526 5329 digna.
2557 5259 2829 5329 Alterum,
2862 5273 3026 5333 caput
3048 5267 3177 5320 anni
3210 5269 3264 5322 in
3298 5280 3559 5340 computo
3589 5272 3747 5330 Gra-

490 5360 610 5398 sum
644 5343 835 5397 fuisse.
891 5341 970 5396 Ex
1017 5357 1210 5396 eorum
1245 5357 1478 5431 numero
1516 5341 1619 5396 fuit
1656 5341 1972 5408 Africanus,
2000 5352 2061 5398 ut
2161 5363 2248 5414 co,
2279 5364 2390 5404 non
2436 5358 2680 5421 repetere
2710 5353 3005 5424 Georgium
3037 5372 3070 5410 a
3117 5359 3270 5414 civili
3297 5351 3540 5431 'epocha,
3574 5365 3637 5420 id
3659 5376 3747 5423 est

489 5443 722 5490 testatur
753 5433 1116 5504 Hieronymus
1148 5433 1205 5486 in
1227 5430 1297 5485 IX
1318 5431 1597 5488 Danielis:
1629 5450 1788 5504 quem
1813 5445 1962 5490 recte
1989 5451 2057 5490 ex
2161 5455 2192 5494 a
2217 5438 2563 5512 Septembri;
2605 5445 2701 5500 sed
2735 5461 2763 5500 τι
2797 5463 2968 5504 verno
3019 5463 3266 5522 tempore
3311 5430 3474 5524 atque
3532 5457 3605 5512 ab
3647 5474 3748 5515 νιιι

488 5529 813 5618 auctoritate
839 5526 1151 5597 evangelica
1181 5525 1450 5618 Georgius
1487 5525 1782 5598 redarguit.
1801 5526 1935 5584 Vide
1962 5527 2056 5581 XII
2159 5530 2386 5588 Kalend.
2428 5534 2601 5604 April.
2648 5552 2756 5606 quo
2796 5537 2885 5593 die
2910 5541 3191 5597 conditum
3214 5547 3620 5602 essemundum
3641 5565 3746 5618 pu-

492 5617 830 5672 Dedocm'ua
855 5629 1177 5688 temporum,
1211 5633 1331 5689 cap.
1365 5615 1457 5673 IX.
2159 5623 2384 5678 labant:
2425 5626 2655 5684 alterum
2689 5644 2911 5701 passum
2944 5648 3009 5687 ex
3054 5634 3272 5692 illorum
3313 5639 3570 5697 ooinioue
3614 5615 3746 5700 esse

556 5773 576 5805 ⁷
601 5788 712 5826 car.
749 5773 840 5826 καὶ
866 5773 971 5826 τῶν
991 5783 1038 5828 et
1063 5771 1393 5844 ἀλλοφύλων.
1469 5774 1490 5806 ⁸
1513 5775 1552 5842 f.
1581 5773 1609 5826 δ
1635 5777 1792 5846 ὸμοχ.
1865 5775 1886 5807 ⁸
1919 5775 2024 5831 ima
2049 5783 2117 5829 α’.

1469 5774 1490 5806 ⁸
1513 5775 1552 5842 f.
1581 5773 1609 5826 ὃ
1635 5777 1792 5846 ὸμοχ.
1865 5775 1886 5807 ⁸
1919 5775 2024 5831 imo
2049 5783 2117 5829 α’.
2198 5769 2242 5810 ¹⁶
2271 5779 2314 5848 f.
2350 5783 2465 5851 ἔτη.
2546 5785 2586 5816 ³⁸
2626 5783 2781 5841 Deest
2811 5787 3032 5852 aliquid.
