4022 6398
262 359 401 414 1415

1242 351 1624 408 DISSERTAT
1631 351 1698 408 10
1738 349 1826 406 DE
1855 347 2262 405 GRAECORUM
2301 347 2507 407 ERIS.

3364 350 3501 402 HM

261 473 538 528 Christum
585 468 765 524 Mattii
795 485 954 534 xxm,
995 468 1130 525 feria
1165 485 1252 534 vr;
1294 468 1665 524 resurrexisse
1701 482 1830 522 vero
1858 475 1906 530 Α
1933 479 2203 519 annorum
2230 463 2400 531 5184;
2437 465 2620 534 itaque
2667 464 2956 534 legendum
2996 464 3136 534 apud
3188 463 3499 536 Georgium.

263 566 351 621 die
375 581 478 617 xxv
513 583 526 618 :
560 577 720 632 quam
743 561 1030 632 Epiphanii
1057 575 1277 631 quoque
1310 562 1634 614 sententiam
1660 557 1829 612 fuisse

263 665 497 710 constat.
519 653 650 708 Vide
682 670 802 723 qua:
842 668 1006 722 super
1033 668 1094 705 ea
1129 653 1326 720 partim
1359 652 1411 704 in
1443 649 1824 704 Animadvers.

264 748 330 801 ad
384 748 516 800 haar.
562 745 651 809 LI,
694 745 894 814 partim
935 744 990 798 in
1031 742 1121 796 Xll
1152 743 1228 796 De
1253 742 1494 796 doctrina
1535 751 1828 810 temporum

261 839 634 909 exposuimus.
677 835 813 890 Cum
868 845 1048 890 autem
1080 839 1257 906 capite
1297 834 1565 904 superiori
1603 833 1829 887 demon-

256 936 492 985 stratum
525 929 597 982 sit
645 926 970 992 Maximum,
1007 943 1168 998 quem
1205 925 1491 997 Georgius,
1522 935 1575 980 et
1621 924 1824 990 caeteri,

249 1018 356 1088 qui
409 1017 836 1071 Alexandrinam
881 1032 1046 1071 aaram
1099 1023 1415 1079 tenuerunt,
1447 1015 1623 1070 secuti
1674 1021 1824 1076 sunt,

252 1109 466 1164 Christi
511 1109 830 1177 passionem
879 1109 934 1162 in
965 1123 1089 1162 eum
1139 1123 1340 1161 annum
1378 1107 1701 1170 contulisse,
1732 1105 1828 1175 qui

260 1211 348 1256 est
395 1215 516 1254 terte
580 1209 782 1254 nostra:
815 1216 953 1264 XLII,
1002 1199 1222 1269 .periodi
1269 1196 1506 1254 Juliante
1544 1198 1709 1262 4755,
1763 1212 1828 1252 eo

263 1304 410 1343 anno
444 1289 839 1344 admirabiliter
869 1289 1116 1358 contigit,
1146 1297 1203 1343 ut
1237 1289 1292 1342 in
1311 1288 1454 1344 diem
1484 1287 1663 1342 Martii
1688 1303 1828 1342 χχιιι

263 1380 472 1434 decima
539 1390 734 1449 quarta
793 1378 1075 1434 Paschalis
1134 1379 1419 1434 incideret.
1475 1377 1828 1434 Novilunium

265 1472 411 1526 enim
436 1487 502 1525 ex
533 1471 799 1527 Parisinis
823 1472 1018 1526 tabulis
1053 1472 1405 1527 commissum
1441 1479 1526 1526 est
1557 1470 1738 1524 Martii
1769 1487 1826 1535 x,

265 1563 400 1617 feria
431 1578 527 1628 vn,
577 1562 710 1617 hora
745 1563 841 1627 10,
877 1564 960 1617 21¹
1002 1565 1059 1617 in
1102 1555 1385 1618 horizonte
1437 1561 1828 1634 Hierosolymi-

263 1662 417 1710 tano.
437 1653 617 1722 Quare
639 1654 851 1710 decima
881 1663 1077 1727 quarta
1109 1656 1363 1710 convenit
1383 1656 1439 1709 in
1460 1654 1638 1709 Martii
1669 1671 1826 1721 χχιιι,

263 1746 402 1803 feria
451 1763 538 1814 v1;
594 1748 948 1817 plenilunium
1001 1763 1129 1803 vero
1202 1749 1442 1802 medium
1495 1748 1674 1802 Martii
1722 1765 1828 1802 xxv

263 1837 509 1902 ineunte,
535 1839 666 1892 hora
686 1838 936 1893 videlicet
959 1837 1010 1902 1,
1038 1838 1164 1892 55’a
1192 1837 1366 1892 media
1393 1847 1575 1893 nocte.
1605 1838 1827 1892 Nicaano

261 1945 396 1984 vero
425 1937 668 1998 tempore
706 1931 991 1985 neomenia
1030 1931 1258 1984 cadebat
1289 1931 1345 1984 in
1397 1947 1448 1984 ιχ
1501 1931 1703 1996 Martii,
1735 1948 1829 2004 cy-

262 2019 352 2074 clo
380 2034 412 2070 v
445 2019 656 2073 decima
687 2026 904 2089 quarta,
940 2017 1119 2071 Martii
1154 2033 1307 2072 xxii:
1345 2017 1491 2087 quod
1515 2017 1582 2070 ad
1614 2016 1830 2072 Graeco-

260 2125 388 2164 rum
415 2111 871 2180 computistarum
915 2119 1150 2163 mentem
1192 2109 1430 2178 perbelle
1468 2108 1826 2178 congruebat,

260 2202 358 2272 qui
389 2209 445 2256 et
495 2199 672 2254 Martii
721 2216 876 2263 χχιιι,
907 2207 962 2254 et
998 2199 1132 2253 feria
1163 2215 1237 2263 vr,
1274 2207 1329 2253 et
1373 2199 1676 2268 plenilunio
1707 2215 1830 2268 pas-

260 2308 387 2348 sum
437 2307 560 2346 esse
609 2291 888 2346 Christum
923 2290 1330 2344 asseverabant.
1365 2289 1470 2344 Sed
1512 2291 1628 2345 haec
1666 2305 1830 2361 quam

260 2384 480 2438 illorum
524 2383 832 2437 rationibus
861 2391 1225 2438 consentanea
1262 2382 1513 2436 videntur
1539 2392 1648 2435 tam
1701 2393 1829 2438 sunt

257 2475 492 2538 absona,
531 2483 584 2529 et
621 2475 688 2528 ab
726 2473 1040 2545 evangelica
1084 2474 1314 2528 veritate
1359 2490 1586 2544 prorsus
1628 2475 1825 2530 aliena.

259 2564 371 2619 Sed
413 2579 515 2619 nec
561 2563 849 2634 Epiphanii
898 2563 1225 2618 sententiam
1270 2564 1505 2618 assecuti
1544 2564 1624 2618 illi
1669 2571 1826 2630 sunt;

244 2672 430 2726 quam
465 2671 567 2712 nos
598 2657 812 2711 abunde
856 2655 1012 2710 libris
1049 2655 1158 2710 illis
1190 2657 1609 2725 explicavimus.
1645 2655 1831 2712 Tertio

249 2749 499 2820 denique
527 2754 826 2804 constatex
853 2747 1074 2801 Maximi
1114 2763 1178 2801 ac
1208 2745 1558 2817 Theophanis
1587 2747 1829 2814 decreto,

255 2839 543 2895 Shristum
578 2838 867 2893 Dominum
897 2838 1134 2894 triennio
1157 2881 1171 2905 ,
1201 2854 1265 2894 ac
1294 2839 1578 2894 mensibus
1609 2839 1832 2894 circiter

248 2931 446 2986 tribus
475 2947 503 2984 a
537 2931 813 3001 baptismo
845 2931 1192 3010 praedicasse,
1243 2937 1302 2984 ut
1348 2932 1441 3002 qui
1477 2946 1622 2986 anno
1652 2935 1831 2988 aetatis

249 3014 489 3077 ineunte
542 3038 693 3089 xxxi,
734 3021 980 3076 Januarii
1029 3038 1103 3089 νι,
1141 3023 1448 3093 baptizatus
1497 3026 1589 3089 sit,
1640 3026 1832 3080 mundi

249 3115 404 3171 5550
420 3125 678 3182 exeunte,
702 3116 776 3169 ita
799 3124 858 3169 ut
877 3115 1009 3172 5551
1038 3115 1287 3184 proximo
1303 3131 1428 3171 vere
1458 3116 1787 3172 successerit
1813 3132 1827 3169 :

253 3223 409 3262 anno
443 3208 652 3277 periodi
682 3206 910 3262 Jutiana:
933 3207 1096 3275 4752,
1124 3222 1322 3277 passus
1364 3217 1547 3263 autem
1577 3211 1649 3264 sit
1686 3223 1832 3263 anno

247 3300 441 3354 aetatis
471 3315 643 3352 χχχι-ιι
675 3300 948 3363 absoluto,
999 3316 1064 3355 ac
1117 3299 1295 3355 tribus
1329 3312 1588 3372 praeterea
1623 3303 1831 3356 mensi-

253 3391 401 3459 bus;
434 3389 624 3444 mundi
660 3391 800 3445 5555
827 3390 1134 3456 desinente,
1179 3391 1388 3461 periodi
1413 3389 1644 3446 Julianaa
1669 3393 1828 3447 4753.

255 3483 321 3537 1η
366 3496 482 3552 quo
524 3483 593 3536 ab
641 3480 928 3552 Epiphanii
975 3483 1246 3538 sententia
1307 3482 1642 3538 desciscunt.
1699 3483 1835 3539 Vide

254 3570 487 3626 Maximi
515 3586 634 3641 cap.
665 3569 882 3626 XXXII.
930 3569 1224 3626 Sciendum
1271 3581 1355 3627 est
1392 3588 1580 3642 porro,
1615 3571 1834 3628 Graecos

252 3671 480 3718 aetatem
518 3662 724 3718 Christi
782 3663 851 3718 ab
902 3661 1287 3718 Incarnatione
1338 3665 1458 3734 ipsa
1505 3681 1833 3732 numerare,

253 3771 396 3820 non,
420 3763 482 3809 ut
513 3756 655 3810 ratio
693 3756 955 3826 postulat,
989 3763 1042 3810 et
1065 3770 1164 3810 nos
1203 3756 1366 3827 vulgo
1395 3756 1647 3821 facimus,
1681 3757 1749 3811 ab
1769 3773 1835 3812 eo

255 3856 532 3916 tempore,
569 3862 677 3917 quo
698 3857 852 3904 extra
897 3857 1111 3903 uterum
1144 3849 1368 3918 prodiit.
1401 3847 1647 3914 Quorum
1674 3851 1836 3905 insti-

258 3947 446 3992 tutum
479 3937 706 3993 Romani
739 3955 956 4010 quoque
997 3943 1345 4010 computistaa
1384 3942 1654 4012 complexi
1684 3949 1834 4008 sunt,

258 4030 565 4101 Dionysius
601 4031 865 4112 Exiguus,
895 4033 1070 4097 Beda,
1103 4043 1157 4088 et
1199 4034 1477 4090 inferioris
1513 4036 1612 4090 aevi
1641 4051 1838 4106 prope-

259 4123 491 4177 modum
519 4138 728 4180 omnes.
771 4124 911 4181 Hinc
954 4127 1218 4198 Georgius
1258 4142 1434 4182 annos
1463 4127 1586 4182 vitae
1624 4126 1836 4182 Domini

258 4222 464 4286 putare
486 4215 729 4286 incipita
762 4233 866 4271 xxv
901 4217 1102 4272 Martii.

335 4309 642 4362 Σκοπείτω
665 4311 752 4376 εὶς
781 4308 897 4377 τὴν
935 4317 1026 4364 ια’.
1075 4311 1255 4368 Divisa
1305 4327 1518 4368 summa
1564 4327 1836 4366 annorum

256 4400 408 4454 5555
459 4417 552 4470 per
582 4401 706 4465 552,
747 4402 876 4456 fient
921 4403 1184 4458 absolutze
1219 4405 1426 4474 periodi
1458 4421 1513 4470 χ,
1555 4413 1610 4460 et
1659 4421 1836 4460 annus

1929 555 2010 609 Ad
2066 554 2210 608 hanc
2265 570 2533 608 summam
2596 556 2641 610 si
2679 555 2820 609 2215
2871 557 3175 626 adjeceris,
3239 565 3376 627 quot
3433 559 3502 612 ab

1928 645 2222 699 Abrahami
2255 645 2419 698 natali
2446 645 2514 698 ad
2540 653 2718 699 ortum
2743 644 2950 701 Christi
2980 645 3278 716 interponit
3329 647 3503 705 Euse-

1929 737 2072 796 bius.
2107 735 2308 791 efﬁcies
2338 751 2512 792 annos
2534 737 2692 792 5199.
2723 738 2802 792 Ac
2835 753 3021 792 revera
3060 739 3289 793 totidem
3325 755 3451 794 anni
3474 757 3502 796 s

1927 843 1996 882 ex
2020 828 2246 882 Eusebii
2291 829 2502 883 calculo
2537 828 2715 883 Latini
2763 831 3103 901 antiquiores
3138 833 3450 901 exprimunt
3482 852 3498 890 :

1928 920 2071 974 etin
2123 920 2367 974 Romano
2407 921 2792 993 Martyrologio
2853 941 2946 979 vni
2999 924 3227 980 Kalend.
3271 924 3499 982 Januar.

1928 1028 2190 1067 numerus
2220 1013 2308 1066 ille
2339 1014 2668 1082 concipitur.
2707 1013 2840 1070 Vide
2877 1015 2971 1071 lib.
3021 1014 3091 1069 IX
3131 1016 3209 1071 De
3257 1018 3503 1072 doctrina

1931 1117 2240 1174 temporum,
2266 1119 2388 1177 cap.
2425 1104 2487 1160 11.
2518 1104 2691 1160 Porro
2721 1107 2786 1160 ad
2824 1108 3159 1177 passionem,
3204 1125 3326 1178 qua:
3357 1125 3503 1165 anno

1928 1198 2221 1251 Abrahami
2250 1197 2387 1252 2047
2424 1197 2664 1267 ponitur,
2688 1200 2813 1252 armi
2839 1207 2968 1252 sunt
3002 1214 3032 1252 a
3064 1201 3283 1253 conditu
3319 1216 3502 1254 rerum

1930 1288 2084 1342 525i.
2121 1287 2393 1354 Quaeritur
2424 1288 2692 1357 Georgius
2715 1289 2782 1342 ab
2811 1288 3044 1344 Eusebio
3075 1289 3501 1359 prwtermissum

1928 1379 2156 1442 Cainan,
2192 1387 2246 1434 et
2295 1379 2416 1449 ejus
2463 1395 2640 1434 annos
2669 1395 2850 1434 cxxx:
2882 1380 3003 1434 ideo
3043 1381 3309 1436 minorem
3351 1382 3503 1450 justo

1929 1487 2050 1527 esse
2072 1487 2342 1528 summam
2370 1472 2436 1526 ad
2468 1480 2646 1525 ortum
2687 1471 3019 1538 Abrahami;
3053 1488 3217 1542 quam
3270 1473 3385 1541 ipse
3427 1475 3506 1528 ait

1930 1577 2053 1618 esse
2085 1578 2354 1617 annorum
2396 1562 2556 1626 5512,
2581 1563 2782 1632 quibus
2830 1564 2997 1618 additi
3035 1565 3165 1618 anni
3216 1559 3378 1628 2292i,
3408 1566 3500 1633 qui

1930 1654 1998 1707 ab
2024 1653 2336 1707 Abrahamo
2365 1653 2434 1708 ad
2471 1653 2678 1708 Christi
2709 1656 3022 1725 passionem
3052 1656 3321 1718 interjecti
3350 1668 3501 1722 sunt,

1929 1744 2168 1798 efﬁciunt
2191 1759 2367 1798 annos
2390 1745 2565 1811 5533;
2588 1761 2710 1800 cum
2742 1753 2925 1800 tamen
2954 1745 3221 1801 Eusvbius
3241 1756 3295 1800 et
3327 1761 3502 1800 annos

1929 1837 1999 1891 ab
2017 1836 2329 1890 Abrahamo
2352 1847 2601 1891 numeret
2625 1836 2693 1891 ad
2715 1837 2986 1891 Christum
3009 1835 3170 1903 2048,
3190 1847 3241 1891 et
3271 1837 3336 1892 iis
3362 1838 3505 1907 prio-

1928 1942 2040 1981 rem
2077 1925 2142 1978 ad
2168 1941 2454 1979 numerum
2486 1925 2742 1994 adjectis,
2777 1943 3043 1981 summam
3075 1927 3198 1980 inde
3244 1929 3503 1981 conficiat

1929 2032 2196 2072 annorum
2223 2016 2385 2074 5:252.
2411 2015 2621 2071 Desunt
2650 2017 2776 2071 anni
2815 2018 2909 2071 501
2953 2016 3020 2070 ad
3062 2017 3278 2086 Georgii
3311 2017 3501 2070 calcu-

1929 2110 2040 2164 lum
2073 2127 2086 2163 :
2125 2123 2264 2178 quos
2293 2109 2410 2178 ipse
2439 2108 2610 2164 variis
2640 2107 2815 2164 modis
2858 2109 3136 2163 inculcare
3167 2109 3380 2162 nititur.
3429 2111 3502 2162 Ite

1928 2199 2194 2258 Cainano.
2231 2207 2285 2252 et
2312 2199 2473 2252 annis
2506 2197 2761 2253 Iudicum
2799 2199 3115 2268 plenissime
3146 2199 3314 2253 habes
3349 2201 3402 2252 in
3428 2197 3500 2250 ιχ

1929 2291 2007 2346 De
2029 2291 2271 2346 doctrina
2304 2300 2613 2358 temporum.
2640 2288 2855 2362 Georgii
2905 2289 3221 2364 μικρολογία
3256 2291 3361 2346 ista
3391 2306 3502 2345 non

1929 2390 2012 2437 est
2042 2383 2230 2436 nauci.

1998 2473 2348 2541 Πανόδωρος
2378 2471 2446 2528 δέ
2470 2490 2582 2540 τις.
2617 2471 2771 2528 Nunc
2805 2473 2875 2530 de
2901 2474 3071 2530 altero
3099 2483 3378 2546 computo,
3409 2477 3502 2546 qui

1929 2572 2014 2622 est
2051 2565 2325 2620 Panodori
2358 2566 2639 2622 monachi.
2682 2566 2732 2622 Is
2758 2581 2921 2622 atram
2962 2567 3197 2636 priorem
3233 2583 3504 2622 annorum

1931 2660 1999 2715 ad
2060 2659 2266 2715 Christi
2331 2658 2738 2732 ὲνανθρώπησιν
2790 2658 2922 2714 5501
2979 2667 3105 2718 octo
3170 2660 3360 2723 annis,
3417 2661 3505 2714 vel

1932 2751 2121 2808 decem
2167 2751 2510 2818 docui-tavit;
2544 2750 2705 2820 cujus
2746 2749 2952 2805 inventi
3008 2750 3310 2820 probabilis
3350 2758 3434 2804 est
3473 2767 3505 2805 a

1931 2845 2093 2900 nobis
2131 2859 2298 2913 supra
2323 2843 2534 2898 reddita
2557 2845 2698 2897 ratio
2719 2863 2732 2898 :
2757 2857 2922 2913 quam
2955 2857 3085 2897 vero
3115 2840 3384 2913 Georgius
3423 2842 3506 2896 af-

1932 2935 2056 3000 fert,
2086 2935 2277 2989 frivola
2308 2941 2423 3002 est;
2467 2949 2569 2990 nec
2617 2935 2743 3006 jure
2788 2934 3067 2989 hominem
3116 2933 3400 3002 redarguit
3447 2940 3508 2988 ut

1932 3043 2059 3083 mox
2080 3026 2372 3082 videbitur.
2862 3079 2867 3084 ,

2015 3117 2145 3172 Ἐπὶ
2172 3117 2280 3188 γὰρ
2305 3116 2372 3171 τὸ
2409 3124 2459 3171 α’
2483 3118 2639 3184 ἔτος.
2683 3115 2816 3184 Quae
2863 3122 3174 3187 sequuntur
3220 3115 3509 3187 insignite:

1933 3205 2227 3277 depravata
2277 3216 2440 3275 sunt;
2493 3223 2670 3279 neque
2719 3207 2804 3261 vis
2855 3206 3365 3276 argumentationis,
3395 3221 3508 3277 qua

1933 3296 2280 3352 Panodorum
2327 3297 2614 3370 Syncellus
2657 3306 2967 3368 oppugnat,
3001 3297 3139 3352 satis
3165 3298 3511 3351 animadver-

1934 3393 2089 3448 titur.
2138 3391 2313 3463 Hujus
2363 3401 2544 3447 tamen
2601 3393 2715 3446 haac
2756 3407 2972 3446 summa
3027 3391 3355 3445 conficitur:
3384 3390 3509 3444 ideo

1935 3493 2139 3554 septem
2157 3485 2316 3540 annis
2341 3484 2526 3539 minus
2553 3492 2776 3554 putasse
2802 3482 3173 3548 Panodorum,
3204 3481 3352 3552 quod
3379 3497 3506 3536 cum

1935 3589 2080 3630 anno
2118 3575 2305 3629 mundi
2325 3575 2464 3630 5458
2493 3575 2774 3644 Augustus
2808 3575 3079 3644 imperare
3103 3575 3330 3644 cmperit
3383 3583 3510 3644 post

1936 3665 2273 3720 necemJulii
2308 3666 2561 3730 Caesaris,
2594 3663 2917 3719 Panodorus
2946 3664 3076 3719 5451
3127 3667 3510 3720 tantummodo

1936 3759 2204 3826 posuerit,
2245 3757 2759 3812 mathematicorum
2794 3756 3066 3810 calculum
3107 3764 3352 3812 secutus.
3384 3756 3510 3811 Fuit

1937 3847 2079 3917 apud
2118 3857 2465 3904 astronomos
2501 3849 2555 3918 in
2583 3863 2686 3902 usu
2726 3863 2903 3902 canon
2935 3847 3180 3918 quidam,
3208 3849 3321 3904 sive
3344 3849 3511 3904 later-

1937 3939 2122 3993 culum
2150 3955 2360 4010 regum,
2379 3941 2470 4010 qui
2501 3955 2531 3993 a
2550 3938 2933 3994 Nabonassaro
2963 3941 3029 3994 ad
3059 3940 3392 3996 Antoninum
3419 3958 3511 3997 us-

1937 4047 2045 4100 que
2090 4039 2442 4102 pr0pagatur,
2476 4031 2735 4086 nimirum
2781 4031 2848 4086 ad
2893 4031 3168 4087 Ptolemaei
3208 4040 3453 4102 tempora
3490 4048 3505 4084 :

1939 4123 2032 4192 qui
2057 4137 2086 4176 a
2111 4121 2380 4178 Chaldazis
2408 4125 2665 4178 traditum
2691 4140 2956 4180 canonem
2991 4123 3253 4178 Romanis
3281 4124 3512 4194 impera-

1937 4216 2151 4270 toribus
2177 4217 2400 4272 auxisse
2429 4216 2665 4272 videtur.
2696 4215 2898 4272 Verum
2940 4216 2992 4269 in
3026 4216 3165 4269 libro
3207 4215 3510 4286 προχείρων

1939 4307 2200 4370 κανόνων,
2248 4309 2342 4378 qui
2388 4309 2604 4365 tabulas
2651 4309 3048 4363 astronomicas
3109 4309 3507 4377 complectitur,

1939 4416 2115 4454 canon
2142 4401 2283 4455 idem
2312 4417 2342 4454 a
2387 4401 2639 4472 Philippo
2687 4401 2903 4455 Aridzeo
2937 4401 3129 4471 incipit
3153 4440 3167 4464 ,
3202 4409 3262 4454 ut
3291 4400 3345 4454 in
3394 4414 3511 4452 ma-

254 4492 370 4546 215
403 4493 706 4548 undecimae
725 4535 738 4558 ,
771 4509 880 4565 quo
927 4510 1117 4551 revera
1147 4506 1343 4566 quarta
1391 4496 1602 4551 decima
1631 4499 1833 4553 Christi
1865 4495 1912 4552 ι)
1941 4491 2242 4562 nuscriptis
2265 4491 2548 4546 codicibus
2572 4500 2818 4563 apparet,
2845 4493 2936 4562 qui
2963 4491 3201 4546 Theonis
3229 4506 3508 4546 commen-

253 4584 472 4638 saeculo
513 4584 704 4640 incidit
729 4586 787 4640 in
824 4585 1005 4641 Martii
1037 4587 1179 4642 diem
1214 4604 1376 4655 χχιιι,
1403 4598 1464 4644 ιιι
1500 4589 1664 4660 paulo
1711 4597 1837 4645 ante

251 4675 527 4730 vidimus.

328 4761 543 4834 Πρώτη
566 4765 633 4819 δὲ
651 4767 756 4821 τοῦ
787 4770 922 4838 παρ’
964 4768 1273 4837 Ἑϐραίοις.
1315 4767 1513 4823 Mirum
1565 4769 1698 4824 illud
1731 4776 1836 4837 est,

254 4871 373 4911 non
423 4857 602 4910 solum
655 4861 995 4914 neomeniam
1042 4860 1213 4916 fuisse
1258 4859 1427 4916 Nisan
1472 4860 1614 4915 diem
1661 4860 1835 4924 illum,

251 4965 424 5020 quem
473 4948 618 5004 luna:
651 4966 742 5005 xvr
779 4953 864 5007 vel
896 4969 1008 5007 xvu
1041 4969 1162 5009 esse
1199 4952 1376 5019 dicit,
1424 4953 1519 5008 sed
1567 4953 1837 5022 ejusmodi

253 5055 486 5110 semper
513 5042 812 5099 exstitisse.
848 5041 1018 5116 Nugae
1058 5047 1176 5101 ista:
1212 5053 1374 5111 sunt,
1403 5045 1510 5100 nisi
1541 5044 1646 5100 hoc
1695 5044 1839 5100 forte

256 5134 460 5198 voluit,
503 5133 660 5189 initio
700 5152 885 5190 rerum
931 5138 1170 5207 primum
1211 5153 1476 5206 mensem,
1513 5137 1628 5194 sive
1666 5136 1837 5194 Nisau

251 5224 610 5280 neomeniam
641 5227 902 5284 habuisse
925 5245 1030 5283 xxv
1057 5227 1144 5283 die
1175 5227 1374 5282 Martii.

342 5317 408 5367 '0
423 5313 546 5382 μὲν
568 5311 680 5370 οὖν
716 5319 1083 5387 Ἀφρικανός.
1107 5319 1237 5373 Vide
1266 5319 1550 5389 superiora
1582 5319 1705 5374 libri
1736 5319 1838 5374 hu-

243 5409 343 5478 jus
368 5408 547 5462 nostri
579 5409 780 5478 capita.

321 5496 627 5564 Εὐσέόιος
675 5499 744 5553 δὲ
779 5503 812 5554 ό
849 5503 1188 5572 Παμφίλου.
1246 5501 1304 5555 In
1350 5502 1612 5556 chronica
1652 5511 1837 5572 poste-

247 5593 430 5654 riore,
471 5590 769 5661 interprete
824 5602 1014 5649 sancto
1061 5592 1414 5666 Hieronymo,
1466 5593 1735 5650 Eusebius
1779 5595 1835 5648 in

246 5681 540 5737 Prommio
564 5694 814 5737 numerat
861 5685 930 5738 ab
986 5685 1194 5739 Adamo
1231 5686 1300 5740 ad
1341 5686 1607 5739 diluvium
1659 5701 1835 5741 annos

244 5773 417 5844 2242,
458 5789 489 5828 a
528 5774 732 5831 diluvio
784 5777 851 5832 ad
881 5783 1062 5834 ortum
1089 5778 1403 5845 Abraliami,
1436 5778 1560 5834 942.
1608 5774 1834 5835 Summa

1938 4584 2111 4639 tarios
2140 4585 2220 4646 εἰς
2250 4585 2377 4648 τοὺς
2407 4584 2727 4657 προχείρους
2775 4586 3006 4648 κανόνας
3036 4584 3312 4639 exhibent.
3344 4583 3512 4652 Igitur

1937 4688 1968 4726 a
1999 4683 2178 4729 morte
2224 4675 2540 4738 Alexandri,
2575 4683 2629 4730 et
2655 4673 2830 4729 Thoth
2866 4673 3124 4744 Philippi,
3166 4674 3234 4727 ad
3282 4680 3508 4727 mortem

1936 4765 2258 4836 Cleopatrae,
2291 4769 2422 4822 anni
2454 4769 2788 4839 colliguntur
2815 4767 2939 4831 29L
2977 4767 3103 4820 Inde
3136 4765 3368 4836 Augusti
3395 4766 3511 4818 Ca:-

1939 4858 2081 4912 saris
2115 4859 2207 4913 45.
2240 4858 2450 4929 Duplex
2487 4861 2634 4916 enim
2671 4860 2889 4914 initium
2917 4859 3175 4928 Augusti,
3217 4857 3447 4911 alterum
3479 4873 3510 4909 ιι

1937 4957 2113 5003 morte
2167 4947 2598 5016 Julii-Caesaris,
2634 4950 2866 5004 alterum
2912 4963 2944 5003 a
3001 4963 3134 5004 nece
3183 4947 3404 5002 Antonii
3455 4955 3512 5000 et

1938 5038 2261 5109 Cleopatrae,
2293 5057 2414 5112 quae
2443 5048 2529 5097 est
2566 5041 2774 5112 epocha
2825 5056 3092 5096 annorum
3139 5041 3506 5093 Actiacorum.

1938 5134 2225 5192 Intervalla
2255 5149 2421 5204 porro
2463 5148 2730 5188 annorum
2758 5147 2788 5186 a
2830 5132 3119 5188 neomenia
3148 5129 3349 5193 Thoth,
3389 5143 3511 5199 quae

1938 5229 2251 5300 principum
2309 5235 2541 5282 mortem
2573 5228 2823 5298 proxime
2854 5234 3150 5282 consecuta
3182 5231 3284 5288 est,
3321 5223 3377 5277 in
3417 5223 3510 5276 illo

1939 5334 2150 5376 canone
2186 5318 2512 5390 procedunt.
2556 5317 2802 5373 Mortuus
2827 5325 2910 5374 est
2941 5314 3249 5372 Alexander
3279 5313 3509 5383 Magnus

1937 5427 2084 5470 anno
2105 5412 2281 5483 primo
2300 5413 2524 5468 ineunte
2547 5409 2874 5481 Olympiadis
2889 5425 3035 5473 cxiv,
3053 5406 3261 5478 periodi
3276 5405 3507 5460 Iuliana:

1937 5505 2101 5570 4590,
2133 5520 2279 5559 anno
2304 5503 2681 5559 Nabonassari
2707 5502 2832 5566 424,
2864 5501 2958 5572 qui
2983 5501 3148 5570 οωρὶι
3183 5497 3508 5553 Novembris

1938 5612 2038 5650 χιι.
2073 5595 2254 5662 Quare
2281 5596 2464 5651 T‘hoth
2494 5594 2731 5664 Philippi
2761 5593 2981 5658 Aridaai,
3007 5595 3121 5648 sive
3159 5592 3352 5645 mortis
3381 5589 3505 5642 Ale-

1941 5685 2154 5749 xandri,
2179 5687 2431 5742 convenit
2462 5687 2516 5740 in
2541 5685 2861 5741 Novembris
2878 5699 2952 5738 χιι
2986 5685 3112 5737 anni
3142 5682 3384 5752 ejusdem
3415 5697 3504 5744 pv-

1937 5776 2078 5833 riodi
2107 5775 2334 5835 Juliana:
2362 5778 2524 5840 4590.
2562 5786 2614 5837 et
2634 5777 2850 5836 initium
2877 5775 3024 5833 dedit
3055 5791 3197 5832 anno
3224 5772 3507 5830 Nabcnas-
3539 5823 3544 5826 .
