4022 6398
391 334 400 343 ’
493 355 630 409 una

1513 343 1604 400 AD
1646 340 1914 399 EUSEBII
1953 334 2350 400 CHRONICON
2389 334 2750 392 APPENDIX.

3591 328 3742 386 1416

488 468 600 524 sari
637 464 762 522 425.
805 463 931 521 Hac
977 473 1060 521 est
1093 463 1302 535 epocha
1341 462 1452 517 τῶν
1487 462 1795 534 προχείρων
1824 460 2066 515 κανόνων

2170 455 2310 512 ticus
2340 454 2410 510 ab
2437 453 2660 510 exordio
2677 450 2910 522 Philippi
2929 449 2995 504 ad
3011 446 3240 519 Augusti
3260 445 3510 501 ultimum
3532 458 3742 500 nume-

487 556 787 614 Ptolemtei.
815 556 862 610 Α
891 570 999 626 qua
1035 555 1162 608 anni
1199 560 1329 608 sunt
1355 550 1667 622 Egyptiaci
1695 549 1802 604 294
1827 547 2062 603 absoluti

487 651 558 703 ad
589 647 767 701 Thoth
815 644 1124 707 Actiacum,
1171 643 1287 697 sive
1325 641 1668 697 neomeniam
1710 638 1912 704 Thoth,
1940 652 2062 708 quas

488 752 636 792 anno
675 738 790 803 illo,
825 750 934 806 quo
973 741 1188 788 mortua
1233 743 1317 790 est
1366 732 1688 802 Cleopatra,
1727 731 1962 785 incurrit
2005 730 2063 784 in

488 843 617 882 xxxi
643 827 786 881 diem
810 825 1076 896 Augusti;
1110 832 1165 880 et
1191 824 1476 879 exordium
1499 823 1682 877 attulit
1709 836 1853 876 anno
1882 819 2064 876 Nabo-

487 917 703 974 nassari
738 915 860 982 7l9,
901 930 1047 970 anno
1087 915 1293 985 periodi
1319 914 1554 969 Iuliana:
1580 913 1743 977 4684,
1779 911 1942 967 Urbis
1971 928 2062 968 se-

487 1008 727 1065 cundum
754 1006 1054 1062 Varronem
1073 1006 1196 1060 724.
1217 1005 1569 1062 Intervallum
1591 1020 1622 1058 a
1643 1013 1817 1059 morte
1830 1004 2065 1057 Alexan-

487 1102 573 1156 dri
606 1101 674 1155 ad
721 1099 902 1155 Thoth
950 1100 1261 1163 Actiacum,
1308 1098 1438 1154 anni
1490 1097 1654 1153 solidi
1687 1096 1814 1151 294.
1849 1094 2064 1151 Rursus

488 1191 720 1263 Augusti
752 1207 902 1248 mors
943 1193 1176 1263 contigit
1214 1207 1359 1246 anno
1389 1189 1551 1246 Urbis
1579 1189 1700 1253 767,
1729 1188 1934 1244 mensis
1969 1203 2064 1242 co-

488 1284 768 1353 gnominis
827 1299 943 1349 xix,
977 1298 1356 1356 epagomenon
1387 1298 1439 1347 v,
1483 1281 1613 1336 anni
1659 1279 2063 1337 Nabonassarei

490 1374 814 1443 762;cujus
849 1373 1031 1428 Thoth
1069 1374 1192 1429 iniit
1217 1373 1446 1446 Augusti
1477 1389 1570 1437 xx,
1599 1375 1808 1444 periodi
1833 1371 2064 1428 Iuliana:

487 1467 649 1530 4727,
676 1468 889 1523 decimo
917 1474 1117 1538 quarto
1153 1467 1462 1523 communis
1518 1482 1660 1522 erat.
1687 1465 1793 1522 Sed
1827 1474 1943 1520 tum
1971 1482 2067 1521 an-

488 1573 594 1612 nus
627 1557 790 1619 tlxus,
819 1564 874 1612 et
902 1557 1163 1611 Actiacus
1206 1557 1403 1611 eratin
1441 1572 1641 1623 cursu;
1683 1555 1844 1624 cujus
1885 1555 2062 1610 Thoth

487 1658 750 1720 perpetuo
792 1648 862 1704 ab
903 1648 1138 1719 Augusti
1177 1663 1307 1702 xxix
1337 1646 1426 1702 die
1472 1647 1923 1717 auspicabantur.
1959 1646 2065 1701 Ita-

486 1756 594 1811 que
622 1755 650 1794 a
672 1738 848 1794 Thoth
869 1739 1113 1805 Actiaco,
1143 1740 1211 1796 ad
1241 1739 1421 1795 Thoth
1448 1741 1640 1795 mortis
1659 1739 1911 1810 Augusti,
1937 1739 2064 1794 anni

2163 559 2251 602 rat
2275 561 2450 602 annos
2478 553 2752 600 vertentes
2767 542 2890 605 557,
2916 541 2989 594 ita
3015 550 3074 594 ut
3093 541 3196 595 558
3213 539 3282 594 ab
3299 537 3524 608 Augusti
3548 544 3745 592 morte

2163 641 2409 710 cmperit.
2439 637 2557 692 «ιλιι.
2581 637 2630 693 si
2657 651 2830 692 annos
2854 634 2958 690 558
2978 634 3203 704 adjicias
3231 633 3299 687 ad
3325 632 3429 686 424
3450 630 3748 686 Nabonas-

2164 733 2311 796 sari,
2343 730 2668 787 conﬂabitur
2711 743 2889 782 annus
2931 724 3299 779 Nabonassari
3341 723 3466 787 762,
3507 724 3604 794 qui
3650 730 3747 776 est

2164 824 2342 879 Thoth
2371 824 2564 878 mortis
2589 818 2839 890 Augusti.
2866 816 3021 872 Adde
3045 817 3264 872 eosdem
3295 815 3399 870 558
3426 815 3492 869 ad
3520 830 3745 868 annum

2163 916 2435 973 Panodori
2459 914 2619 978 5169,
2652 915 2879 968 exsistet
2907 925 3084 965 annus
3118 910 3301 964 mundi
3328 908 3487 963 5507.
3518 907 3754 963 Rectis-

2165 1013 2304 1067 sime
2347 1010 2529 1079 itaque
2556 1006 2876 1061 Panodorus
2906 1020 3018 1058 non
3056 1004 3234 1060 solum
3270 1001 3447 1056 Thoth
3489 1000 3752 1070 Philippi

2164 1119 2290 1157 cum
2327 1116 2473 1156 anno
2515 1098 2757 1169 computi
2792 1097 2876 1151 sui
2908 1096 3048 1151 5170
3084 1095 3385 1164 copulavit,
3417 1093 3511 1148 sed
3561 1094 3748 1148 etiam

2165 1195 2400 1265 primum
2430 1207 2633 1246 annum
2652 1188 2912 1260 Augustei
2939 1188 3152 1258 imperii
3182 1201 3307 1242 cum
3331 1186 3496 1252 545i;
3523 1186 3573 1238 si
3609 1185 3712 1254 qui
3732 1212 3752 1223 -

2163 1285 2288 1342 dem
2318 1285 2753 1339 incarnationem
2773 1281 2982 1338 Christi
2999 1279 3231 1336 contulit
3255 1279 3310 1333 in
3333 1293 3532 1332 annum
3565 1277 3745 1338 5495,

2165 1391 2229 1430 ac
2250 1377 2389 1431 lunae
2419 1376 2631 1447 cyclum
2665 1373 2702 1428 2
2733 1388 2763 1426 a
2802 1371 3052 1443 populari
3083 1371 3578 1426 Alexandrinorum
3604 1383 3750 1438 epo-

2164 1469 2266 1522 cha
2293 1468 2698 1540 procedentem,
2727 1465 2782 1520 id
2807 1473 2890 1521 est
2918 1462 3146 1534 Augusti
3165 1479 3312 1527 xxix,
3340 1477 3368 1515 a
3386 1476 3492 1532 quo
3518 1476 3744 1515 annum

2164 1561 2552 1624 ordiebantur;
2587 1559 2669 1614 vel
2701 1572 2732 1612 a
2763 1572 2932 1612 verno
2977 1564 3241 1625 tempore,
3294 1562 3352 1608 ut
3385 1553 3751 1621 compulistaa

2165 1658 2363 1712 solent.
2385 1655 2532 1722 Quin
2566 1670 2633 1710 ex
2665 1654 2732 1710 iis
2773 1653 3018 1724 vestigiis
3052 1650 3418 1720 chronologize
3451 1647 3742 1702 Panodori

2166 1748 2484 1818 conjectura
2530 1745 2648 1801 ﬁeri
2698 1752 2876 1816 potest
2905 1752 3219 1799 accuratum
3251 1743 3319 1798 iis
3362 1743 3415 1796 in
3463 1740 3637 1796 rebus
3671 1754 3746 1794 ac

487 1831 724 1888 absoluti
758 1841 888 1886 sunt
934 1831 1022 1886 45.
1057 1828 1184 1886 Haec
1226 1839 1356 1886 sunt
1397 1830 1732 1893 indubitata,
1761 1838 1814 1884 et
1839 1845 1868 1883 a
1905 1830 2063 1886 nobis
2093 1827 2136 1883 Β
2164 1840 2482 1911 dna-geniem
2516 1837 2791 1892 hominem
2823 1835 3028 1902 fuisse;
3067 1841 3230 1904 atque
3266 1831 3410 1887 haud
3452 1831 3628 1902 paulo
3652 1831 3753 1885 in-

487 1922 934 1976 demonstrantur
989 1920 1046 1975 in
1081 1930 1229 1975 tomo
1274 1920 1581 1990 posteriore
1628 1920 1810 1990 operis
1850 1917 1926 1972 De
1965 1919 2062 1972 do-

488 2013 660 2065 ctrina
687 2021 1000 2082 temporum.
1037 2010 1115 2065 Ex
1147 2011 1349 2082 quibus
1371 2008 1717 2066 intervallum
1748 2009 1893 2064 aliud
1921 2025 2064 2065 com-

490 2105 670 2176 putari
693 2113 893 2176 potest,
917 2104 1064 2176 quod
1095 2106 1234 2160 inter
1270 2104 1501 2176 Augusti
1524 2105 1761 2176 primum
1777 2104 2061 2161 exordium

486 2215 552 2252 ac
579 2213 765 2253 necem
799 2197 1099 2268 Cleopatrae
1127 2206 1470 2263 numeratur,
1507 2212 1777 2252 annorum
1809 2197 1895 2251 15.
1923 2194 2059 2250 Nam

485 2291 720 2358 Augusti
762 2290 1050 2361 imperium
1081 2290 1249 2360 cmpit
1298 2306 1444 2344 anno
1493 2287 1657 2344 Urbis
1707 2289 1800 2342 711
1839 2305 1853 2340 :
1900 2287 2060 2356 cujus

486 2379 665 2437 Thoth
724 2382 979 2436 convenit
1032 2381 1088 2436 in
1145 2381 1481 2451 Septembris
1546 2395 1627 2446 tu,
1679 2379 1889 2436 Nabon.
1934 2379 2060 2445 706,

485 2474 692 2544 periodi
727 2473 960 2529 Iuliana
985 2473 1148 2528 4671.
1171 2473 1301 2530 Inde
1333 2474 1399 2529 ad
1426 2473 1602 2528 Thoth
1620 2477 1903 2530 Actiacum
1929 2475 2060 2528 anni

489 2565 652 2621 Urbis
681 2566 802 2632 724,
837 2567 967 2620 anni
1015 2565 1254 2622 confecti
1309 2574 1439 2622 sunt
1472 2567 1560 2622 15.
1599 2566 1779 2633 Quare
1809 2582 1839 2621 a
1877 2565 2060 2622 Thoth

486 2657 700 2727 imperii
733 2657 988 2729 Augusti,
1036 2657 1102 2712 ad
1153 2655 1333 2712 Thoth
1392 2659 1587 2715 mortis
1628 2659 1896 2729 ejusdem,
1926 2658 2060 2713 anni

485 2755 616 2804 sunt
644 2744 954 2817 Egyptiaci
987 2753 1264 2802 vertentes
1295 2745 1386 2802 56.
1444 2747 1763 2804 Panodorus
1807 2749 2061 2804 incarna-

485 2838 690 2892 tionem
737 2837 945 2894 Christi
971 2837 1294 2893 conl'erebat
1332 2838 1389 2893 in
1436 2854 1563 2895 eum
1597 2854 1822 2905 annum,
1850 2840 1945 2910 qui
1975 2855 2062 2911 cy-

485 2931 633 2984 clum
677 2929 924 2984 lunarem
980 2929 1174 2986 habuit
1203 2930 1239 2985 2
1281 2946 1313 2985 a
1358 2929 1537 2986 Thoth
1586 2931 1977 2998 Alexandrino,
2013 2932 2059 2988 si

485 3021 648 3076 civile
685 3022 902 3076 initium
933 3023 1145 3094 cogites
1165 3063 1180 3090 ,
1214 3024 1294 3078 uti
1325 3023 1422 3078 lib.
1447 3021 1518 3078 IX
1549 3022 1625 3078 De
1661 3023 1905 3078 doctrina
1937 3033 2064 3078 tent-

483 3127 695 3180 porum,
727 3112 908 3183 capite
931 3111 998 3167 IV
1030 3111 1341 3168 docuimus.
1378 3112 1508 3168 Erat
1553 3129 1684 3186 ergo
1720 3114 1928 3184 periodi
1964 3113 2062 3168 Ju-

484 3205 645 3258 lianaa
670 3203 830 3268 4715,
865 3204 921 3258 in
949 3220 1114 3276 quem
1156 3205 1397 3276 vulgaris
1427 3221 1646 3277 quoque
1679 3208 1878 3262 natalis
1911 3223 2062 3261 com-

483 3300 644 3370 petit,
675 3298 759 3353 vel
787 3298 950 3363 4714,
989 3299 1036 3354 si
1076 3301 1327 3371 populari
1380 3301 1587 3372 epocha
1618 3317 1753 3358 usus
1777 3317 2064 3367 est;anno

483 3388 855 3446 Nabouassari
901 3389 1024 3445 748.
1079 3389 1318 3446 Proinde
1364 3407 1393 3445 a
1445 3392 1623 3448 Thoth
1674 3395 1801 3447 anni
1854 3393 2064 3448 Actiaci

484 3481 687 3552 primi,
722 3481 839 3536 sive
883 3478 1255 3536 Nabonassari
1290 3482 1411 3548 719,
1450 3484 1518 3539 ad
1559 3483 1738 3538 Thoth
1769 3484 1897 3538 anni
1938 3485 2061 3546 748,

486 3580 754 3644 putantur
785 3571 919 3627 anni
972 3573 1132 3628 solidi
1165 3573 1256 3638 29,
1287 3575 1360 3629 ita
1409 3583 1469 3629 ut
1526 3575 1804 3631 tricesimo
1842 3576 2065 3630 Actiaco

488 3665 717 3721 ineunte
769 3665 1097 3722 incarnatus
1145 3667 1217 3720 sit
1269 3665 1554 3723 Dominus.
1599 3669 1769 3738 Igitur
1807 3669 1876 3725 ab
1921 3683 2066 3722 anno

461 3757 863 3813 .Nabonassari
894 3757 1120 3813 ineunte
1150 3757 1278 3820 425,
1303 3759 1420 3815 sive
1448 3773 1478 3812 a
1511 3758 1690 3814 Thoth
1718 3759 1972 3830 Philippi,
1996 3759 2064 3813 ad

490 3866 697 3905 annum
739 3850 1020 3905 ineuntem
1076 3850 1178 3904 748
1223 3850 1614 3913 Nabonassari,
1668 3867 1777 3921 quo
1817 3851 2065 3907 Christus

488 3947 814 4000 incarnatus
863 3951 970 4007 est,
1013 3944 1143 3998 anni
1178 3944 1448 4014 iuterjecti
1491 3952 1619 4000 sunt
1663 3945 1894 4001 absoluti
1930 3944 2061 4011 525;

492 4036 569 4089 ita
601 4045 660 4090 ut
688 4050 833 4089 anno
865 4034 970 4090 524
995 4035 1065 4090 ab
1089 4035 1248 4089 initio
1285 4034 1520 4107 Philippi
1560 4036 1765 4090 Christi
1798 4035 2064 4107 ὲνανθρὼ-

493 4145 661 4200 πησις
692 4127 970 4182 inciderit.
1002 4125 1276 4183 Detractis
1301 4143 1435 4198 ergo
1465 4129 1627 4183 annis
1655 4127 1760 4182 524
1797 4127 1864 4183 de
1903 4127 2062 4192 5495,

493 4219 692 4290 reliqui
715 4203 844 4274 sunt
861 4217 1035 4286 5169;
1065 4219 1312 4290 adeoque
1339 4235 1485 4275 anno
1519 4220 1659 4275 5170
1691 4221 1760 4274 ab
1801 4229 2065 4274 autumno

494 4305 756 4364 iuchOato
798 4308 979 4363 Thoth
1033 4308 1271 4382 Philippi
1299 4311 1526 4376 accidit,
1562 4320 1620 4364 ut
1667 4310 1860 4365 scribit
1899 4311 2068 4366 Geor-

493 4403 659 4473 gius:
691 4401 784 4472 qui
817 4410 872 4456 et
913 4400 1119 4458 frustra
1174 4399 1524 4457 Panodorum
1570 4402 1872 4472 redarguit,
1919 4400 2064 4472 quod

493 4493 733 4564 primum
792 4491 1004 4545 initium
1071 4491 1305 4561 Augusti
1367 4491 1602 4548 Caesaris
1646 4493 1875 4562 illigavit
1925 4507 2069 4546 anno
2101 4502 2146 4557 1)

494 4582 686 4637 mundi
709 4581 870 4637 5451.
889 4580 947 4635 Id
971 4582 1116 4637 enim
1144 4591 1514 4639 consentanee
1539 4581 1668 4638 fecit
1697 4583 2013 4637 constituite
2035 4596 2065 4635 a

497 4689 557 4730 se
577 4673 967 4744 διιτοιιοιοείιε.
1000 4673 1210 4728 Etenim
1241 4675 1479 4744 primum
1508 4673 1741 4745 Augusti
1771 4675 2068 4745 imperato-

495 4768 576 4820 ris
594 4766 878 4821 exordium
897 4767 966 4821 ab
982 4782 1127 4821 anno
1150 4768 1378 4823 deduxit
1409 4768 1618 4839 periodi
1640 4767 1872 4822 Iuliana:
1902 4766 2066 4828 4671,

497 4855 664 4912 Urbis
687 4858 924 4916 condita:
956 4859 1079 4922 711,
1103 4875 1134 4914 a
1174 4876 1285 4931 quo
1317 4861 1570 4930 plerique
1592 4861 1886 4931 imperium
1919 4860 2070 4914 illius

498 4951 764 5030 auspicati
790 4960 940 5017 sunt,
981 4960 1043 5006 ut
1071 4954 1237 5023 paulo
1271 4961 1398 5008 ante
1436 4953 1700 5009 diximus.
1727 4951 1845 5006 Jam
1868 4968 1999 5008 vero
2037 4967 2067 5004 a

499 5038 680 5095 Thoth
739 5039 1000 5112 Philippi,
1057 5043 1173 5098 sive
1228 5044 1298 5098 ab
1347 5059 1493 5099 anno
1542 5044 1912 5100 Nabonassari
1964 5044 2071 5098 425

498 5131 745 5198 ineunte,
799 5134 866 5188 ad
923 5135 1202 5192 ineuntem
1255 5152 1460 5191 annum
1507 5137 1719 5194 Nabon.
1774 5137 1897 5201 706,
1942 5137 2072 5191 anni

500 5235 630 5280 sunt
666 5235 966 5294 vertentes,
1001 5237 1056 5284 et
1103 5230 1300 5300 integri
1339 5229 1438 5286 281
1475 5247 1488 5282 :
1521 5231 1615 5302 qui
1644 5231 1814 5286 additi
1859 5229 1930 5284 ad
1974 5245 2073 5282 an-

500 5334 630 5372 num
655 5320 844 5373 mundi
871 5321 1033 5388 5170,
1066 5321 1154 5376 cui
1183 5321 1360 5378 Thoth
1383 5321 1615 5392 Philippi
1635 5323 1914 5392 congruit,
1939 5337 2072 5376 con-

501 5409 697 5462 liciunt
757 5425 962 5464 annum
1010 5413 1200 5467 mundi
1248 5413 1409 5478 5451,
1461 5414 1700 5484 primum
1739 5413 2073 5467 monarchize

499 5501 751 5570 Augusti.
774 5501 983 5558 Exinde
1013 5506 1174 5561 annis
1204 5504 1434 5575 adjectis
1463 5504 1528 5561 56
1554 5505 1768 5575 imperii
1799 5505 2068 5574 ejusdem,

502 5593 720 5647 exsistit
758 5609 935 5651 annus
965 5597 1154 5652 mundi
1184 5598 1346 5666 5507,
1379 5615 1488 5670 quo
1511 5599 1791 5669 Augustus
1814 5597 2071 5662 excessit,

503 5697 814 5746 quanquam
871 5686 1113 5741 nondum
1159 5690 1420 5744 inchoato
1457 5689 1617 5753 550-7,
1663 5689 1756 5744 sed
1785 5688 1964 5741 adhuc
1998 5688 2076 5740 la-

503 5769 664 5829 bente
686 5775 824 5831 5.306
857 5781 1035 5854 periit.
1065 5778 1206 5846 Quin
1227 5784 1391 5838 ctiam
1422 5798 1597 5837 canon
1641 5783 1730 5838 ille
1772 5783 2069 5837 mathema-

2161 1929 2582 1999 telligentiorem
2616 1927 2738 1996 ejus
2770 1927 3164 1998 reprehensore
3194 1923 3460 1994 Georgio,
3487 1921 3657 1992 cujus
3681 1923 3748 1975 in

2161 2021 2264 2076 hoc
2290 2035 2486 2091 genere
2514 2019 2725 2074 inﬁnita
2749 2027 2970 2090 peccata
2989 2028 3150 2085 sunt;
3170 2018 3262 2072 sed
3293 2018 3499 2072 nullum
3521 2018 3746 2084 majus,

2159 2128 2324 2183 quam
2351 2111 2496 2183 quod
2526 2127 2590 2167 ea
2608 2111 2866 2167 vellicare
2901 2110 3155 2176 instituit,
3185 2124 3308 2180 qua:
3337 2125 3510 2178 neque
3542 2109 3748 2178 capie-

2159 2205 2252 2259 bat
2288 2205 2425 2274 ipse,
2451 2212 2505 2259 et
2541 2205 2608 2258 ab
2650 2205 2743 2259 illo
2777 2205 2921 2274 ipso,
2951 2218 3112 2273 quem
3147 2203 3472 2267 accusabat,
3506 2201 3748 2276 fuerant

2160 2296 2364 2365 scripta
2389 2304 2726 2352 constanter.

2243 2389 2338 2454 Ὠς
2360 2389 2425 2442 τὸ
2441 2389 2591 2457 πρὸς
2621 2389 2688 2442 τὸ
2703 2397 2798 2458 μγ
2812 2390 2966 2454 ἔτος.
2993 2387 3119 2442 Haec
3145 2396 3273 2441 sunt
3291 2384 3575 2440 mendosa.
3595 2382 3744 2436 Nam

2161 2482 2341 2536 dicere
2371 2480 2588 2535 videtur
2615 2481 2893 2536 Christum
2924 2481 2980 2534 in
3029 2477 3292 2533 mundum
3331 2476 3549 2531 venisse
3586 2491 3746 2528 anno

2159 2571 2393 2641 Augusti
2414 2585 2579 2638 xam;
2613 2581 2668 2626 et
2697 2571 2837 2625 idem
2872 2578 3054 2623 tamen
3093 2577 3202 2624 tres
3231 2567 3355 2621 illos
3397 2574 3452 2620 et
3484 2567 3747 2635 quadra-

2161 2663 2310 2734 ginta
2339 2678 2515 2718 annos
2559 2677 2591 2715 a
2628 2671 2804 2717 morte
2841 2661 3140 2732 Cleopatra:
3169 2659 3236 2712 ad
3259 2657 3486 2729 Augusti
3517 2657 3749 2711 obitum

2161 2753 2425 2809 extendit.
2461 2753 2770 2822 Utrumque
2801 2766 2992 2806 verum
3022 2758 3142 2817 est;
3188 2756 3243 2804 et
3284 2763 3315 2802 a
3348 2749 3527 2818 primo
3575 2749 3750 2802 initio

2159 2844 2396 2900 Cmsaris
2436 2844 2671 2916 Augusti
2720 2842 2789 2898 ad
2842 2841 3240 2897 lucarnationis
3287 2855 3528 2904 annum,
3571 2855 3747 2910 quem

2160 2931 2483 2990 Panodorus
2515 2933 2826 2996 constituit,
2861 2947 3038 2990 annos
3075 2947 3199 2987 esse
3229 2946 3397 2995 me;
3439 2937 3494 2983 et
3529 2945 3563 2982 a
3603 2945 3751 2985 nece

2159 3026 2465 3096 Cleopatrae
2493 3025 2720 3080 totidem
2775 3024 2843 3078 ad
2887 3036 3177 3078 excessum
3222 3019 3477 3089 Augusti.
3514 3018 3746 3074 Etenim

2164 3131 2309 3170 anno
2337 3116 2498 3172 tertio
2525 3114 2765 3182 Juliano,
2785 3115 2993 3186 periodi
3020 3112 3249 3168 Iuliana:
3274 3112 3437 3176 4671,
3466 3113 3753 3182 imperare

2164 3210 2328 3278 carpit
2371 3208 2673 3279 Augustus,
2721 3222 2787 3262 ex
2827 3206 3085 3277 opinione
3140 3203 3436 3259 Panodori.
3479 3202 3753 3258 Christus

2163 3303 2483 3360 incarnatus
2504 3310 2590 3358 est
2614 3316 2758 3356 anno
2787 3298 3008 3354 Juliano
3041 3314 3190 3354 xui.
3222 3297 3463 3367 Demptis
3493 3295 3750 3357 duobus,

2165 3397 2410 3466 reliquus
2443 3402 2526 3450 est
2575 3410 2752 3449 annus
2780 3408 2906 3446 κων
2951 3392 3020 3446 ab
3063 3391 3220 3446 initio
3261 3388 3491 3459 Augusti
3539 3407 3553 3441 :
3595 3389 3754 3456 quia

2164 3487 2344 3542 Thoth
2375 3486 2504 3540 anni
2553 3483 2755 3540 Iuliani
2799 3499 2944 3546 XLVI,
2971 3482 3180 3554 periodi
3217 3479 3451 3534 Iuliana
3482 3479 3634 3534 4714
3669 3483 3758 3533 in-

2165 3581 2415 3634 choatur.
2475 3577 2716 3632 Labente
2768 3577 2954 3646 itaque
3009 3590 3138 3628 xuu
3195 3573 3430 3628 Caesaris
3476 3573 3750 3642 Augusti,

2166 3682 2352 3720 mense
2375 3665 2567 3720 Martio
2594 3665 2822 3736 contigit
2860 3661 3292 3736 ὲνανθρὼπησις.
3326 3661 3552 3716 Rursus
3605 3662 3755 3715 obiit

2165 3759 2444 3826 Augustus
2474 3772 2616 3812 anno
2637 3755 2854 3811 Iuliano
2874 3772 2983 3820 ιιι,
3011 3754 3243 3826 Augusti
3262 3755 3468 3809 mensis
3491 3769 3617 3816 xix,
3649 3770 3756 3823 pe-

2166 3850 2306 3904 riodi
2332 3849 2565 3906 Iuliana:
2613 3850 2773 3904 4727.
2814 3848 3166 3904 Intervallum
3207 3848 3276 3902 ab
3332 3863 3478 3902 anno
3521 3845 3762 3902 Juliano

2167 3957 2277 4005 xw,
2298 3957 2407 4010 quo
2433 3943 2642 4012 primus
2673 3942 2930 3996 Actiacus
2957 3941 3144 4011 coepit,
3182 3939 3249 3994 ad
3299 3955 3410 4002 ιιι,
3440 3949 3580 3995 sunt
3623 3943 3762 3994 anni

2167 4050 2317 4089 xuii.
2348 4034 2494 4089 Obiit
2527 4035 2696 4106 igitur
2716 4033 2997 4106 Augustus
3026 4041 3259 4088 exeunte
3283 4046 3432 4085 anno
3470 4047 3618 4086 xuii
3646 4035 3765 4086 ἀπὸ

2167 4128 2267 4197 τῆς
2301 4127 2670 4198 καθαιρέσεως
2699 4127 3021 4196 Cleopatrae,
3063 4125 3167 4179 hoc
3203 4131 3288 4178 est
3331 4121 3514 4176 Thoth
3555 4128 3767 4178 mortis

2169 4219 2397 4290 Augusti
2425 4220 2523 4274 fuit
2542 4219 2995 4290 quadragesimus
3010 4226 3240 4288 quartus
3260 4214 3480 4270 aTlioth
3497 4217 3767 4271 Actiaco.

2172 4311 2296 4366 Ilzec
2326 4327 2453 4366 vera
2491 4321 2640 4369 sunt.
2672 4311 2781 4368 Sed
2819 4311 3086 4383 Georgius
3135 4312 3391 4380 perplexe
3425 4316 3480 4363 et
3513 4309 3770 4367 obscure

2171 4403 2431 4474 loquitur.

2784 4515 3014 4576 CAPUT
3053 4515 3120 4570 V.

2173 4611 2251 4666 De
2281 4611 2587 4666 ercorum
2614 4619 2976 4678 compulerunt
3002 4607 3198 4678 epocha
3232 4610 3285 4661 in
3305 4623 3464 4678 arma
3500 4607 3772 4672 Juliano,
3807 4601 3820 4615 '

2247 4684 2408 4752 deque
2468 4675 2740 4752 cyclorum'
2778 4682 2834 4734 in
2867 4681 2932 4732 iis
2981 4675 3244 4732 methodo.
3294 4675 3585 4733 Maximus
3641 4685 3778 4734 illa-

2245 4763 2472 4808 uratur.

2244 4864 2434 4918 Civilis
2457 4862 3196 4933 Constantinopolitanorum
3214 4874 3395 4914 annus
3427 4875 3457 4912 a
3489 4859 3780 4917 Kalendis

2180 4953 2518 5024 Septembris
2574 4954 2872 5025 incipiebat
2926 4969 3034 5007 una
3087 4967 3214 5007 cum
3259 4951 3604 5010 indictione.
3642 4953 3782 5009 Inde

2178 5048 2346 5118 igitur
2375 5047 2509 5102 solis
2535 5061 2599 5100 ac
2621 5047 2764 5101 luna:
2788 5045 2973 5116 cyclos
3003 5059 3102 5113 par
3122 5050 3240 5097 erat
3261 5042 3537 5112 incipere,
3573 5060 3784 5114 quem-

2178 5133 2471 5194 admodum
2502 5138 2880 5200 Alexandrini,
2912 5137 3006 5207 qui
3045 5135 3229 5190 triduo
3291 5141 3422 5188 ante
3472 5137 3784 5206 popularis

2178 5231 2306 5285 anni
2335 5231 2662 5301 principium
2690 5230 2985 5292 habebant,
3016 5227 3255 5282 indidem
3274 5234 3327 5280 et
3353 5226 3557 5296 cyclos
3588 5228 3785 5282 ordie-

2177 5321 2402 5376 bantur.
2439 5321 2545 5377 Sed
2582 5337 2708 5376 cum
2761 5321 2994 5376 Romani
3046 5319 3178 5374 anni
3227 5317 3628 5386 descriptione
3681 5317 3791 5373 Ro-

2180 5417 2465 5485 manisque
2502 5415 2784 5471 mensibus
2815 5420 3121 5477 uterentur,
3152 5411 3300 5465 illius
3329 5410 3506 5464 etiam
3550 5412 3788 5464 initium

2179 5509 2350 5563 Graeci
2372 5523 2762 5577 nonnunquam
2781 5506 3168 5560 adhibuerunt.
3185 5501 3322 5556 Tum
3341 5501 3495 5570 quod
3531 5501 3790 5558 Pascha-

2180 5598 2250 5652 tis
2281 5612 2448 5652 causa
2475 5597 2615 5668 cycli
2662 5611 2692 5650 a
2721 5595 3053 5650 Christianis
3095 5593 3363 5662 assumpti
3414 5603 3558 5646 sunt
3589 5613 3604 5646 :
3637 5593 3792 5663 quel

2181 5687 2380 5742 festum
2427 5704 2596 5742 verno
2641 5697 2884 5758 tempore
2934 5686 3272 5748 celebratur;
3323 5683 3458 5737 hinc
3527 5687 3792 5754 plerique

2185 5796 2292 5835 non
2315 5782 2476 5837 modo
2509 5781 2808 5851 cyclorum,
2840 5779 2934 5836 sed
2982 5787 3036 5834 ct
3079 5778 3208 5832 anui
3259 5777 3440 5846 ipsius
3476 5780 3790 5833 exordium
