4022 6398
253 363 384 418 1417
1222 347 1675 409 DISSERTATIO
1705 345 1794 401 DE
1830 349 1843 399 t

1941 342 2240 402 (ECORUM
2279 342 2484 397 AL'RIS.
3344 325 3476 394 1418

252 480 304 533 in
346 488 514 530 verno
562 485 749 526 mense
800 470 1142 533 statuerunt;
1202 463 1375 534 Aprili
1419 461 1671 517 videlicet
1719 469 1811 513 aut
1843 471 1886 524 Α
1916 459 2244 515 scitur:ubi
2269 466 2380 511 tam
2408 458 2650 510 lunarem
2681 470 2906 519 annum,
2941 469 3005 509 ac
3045 454 3280 525 cyclum,
3313 469 3476 524 quam

1913 554 2149 607 solarem
2177 567 2207 604 a
2234 565 2405 604 verno
2434 563 2618 603 mense
2639 548 2860 617 incipit;
2889 547 3040 602 illum
3061 546 3280 616 quidem
3312 547 3380 601 ab
3413 546 3479 599 iis

1913 645 2128 710 diebus,
2162 643 2364 712 quibus
2403 639 2546 694 aﬁixi
2597 650 2726 695 sunt
2773 639 2924 694 aurei
2957 638 3205 704 numeri;
3243 639 3478 692 solerem

1917 749 2098 796 autem
2150 740 2216 793 ab
2241 736 2613 808 aequinoctiali
2663 749 2873 789 mense.
2905 733 3038 788 Item
3074 734 3253 802 capite
3284 728 3477 796 XXIII,

1890 834 2131 904 .cyclum
2155 832 2288 887 solis
2315 846 2508 892 xxviii,
2545 839 2600 882 et
2623 829 2764 882 luna:
2793 843 2906 892 xw,
2937 825 3111 896 Aprili
3136 839 3200 878 ac
3227 822 3481 876 Paschali

1919 925 2048 977 anni
2068 923 2187 992 ejus
2214 924 2466 992 imputat,
2493 920 2584 990 qui
2610 919 2820 973 Pascha
2840 917 2969 971 anni
2991 915 3132 969 6155
3152 914 3479 980 antecessit;

1919 1017 2077 1084 cujus
2117 1016 2302 1086 cyclus
2347 1021 2463 1068 erat
2494 1013 2690 1067 solaris
2721 1028 2758 1077 ι,
2792 1011 3000 1068 lunaris
3051 1024 3151 1072 xv;
3182 1022 3290 1077 quo
3319 1007 3483 1061 etiam

1921 1110 2100 1178 capite
2132 1108 2344 1176 cyclum
2382 1105 2513 1160 solis
2536 1120 2704 1158 xxvm
2730 1118 2759 1156 a
2788 1102 3048 1156 Kalendis
3080 1101 3282 1170 Aprilis
3325 1114 3486 1154 orsus

253 567 459 623 Martio.

318 660 449 726 Quae
484 663 563 710 tot
604 653 882 708 .nitiorum
915 651 1153 706 varietas
1194 651 1348 719 prius
1391 647 1692 715 scriptores
1727 647 1812 714 ip-

251 767 362 814 sos,
384 763 542 819 quam
567 761 755 800 eorum
781 745 1033 806 lectores,
1067 739 1377 796 admirabili
1400 737 1817 808 perturbatione

250 840 517 896 confudit.
544 836 678 890 Nam
704 837 813 890 duo
843 835 1162 904 plerumque
1187 830 1406 885 diversa
1445 843 1736 891 annorum,
1764 833 1818 882 et

246 934 528 1004 cyclorum
573 927 844 998 principia
897 925 1130 979 miscent
1177 923 1456 976 invicem:
1491 935 1593 974 nec
1645 921 1713 973 ad
1763 919 1819 973 id

243 1023 396 1095 quod
420 1022 586 1079 semel
619 1019 854 1088 amplexi
888 1023 1038 1076 sunt,
1069 1021 1387 1070 constanter
1410 1012 1816 1065 adhaerescunt.

250 1121 473 1171 Annum
503 1128 630 1168 ecce
671 1112 765 1165 alii
814 1110 882 1164 ab
916 1105 1220 1176 Septembri
1263 1105 1349 1159 vel
1409 1102 1636 1158 Octobri
1683 1101 1822 1155 inci-

254 1208 448 1279 piunt;
493 1204 672 1276 cyclos
705 1208 888 1254 autem
943 1199 1075 1254 solis
1110 1212 1174 1251 ac
1205 1197 1350 1250 lunae
1387 1193 1456 1247 ab
1493 1191 1688 1245 Martio
1735 1189 1824 1244 vel

255 1300 450 1370 Aprili.
478 1296 712 1364 Quidam
745 1294 962 1364 cyclum
994 1291 1128 1346 solis
1146 1289 1213 1344 ab
1239 1286 1498 1353 Octobri;
1533 1285 1675 1338 luna:
1695 1299 1824 1338 vero

259 1394 326 1445 ab
367 1404 529 1444 verno
577 1401 766 1442 mense
802 1390 1111 1452 casperunt.
1141 1380 1338 1434 Plures
1373 1392 1577 1432 annum
1608 1376 1823 1430 civilem

259 1501 287 1538 a
324 1479 624 1553 Septembri
644 1497 659 1547 ;
683 1477 1118 1534 ecclesiasticum
1137 1474 1205 1528 ab
1239 1471 1411 1542 Aprili
1442 1469 1714 1541 proficisci
1734 1469 1826 1540 ju-

260 1577 421 1641 bent;
447 1574 592 1627 hunc
626 1571 792 1627 etiam
834 1569 999 1640 aliqui
1029 1566 1225 1621 Martio
1257 1565 1326 1620 ab
1369 1577 1580 1626 mense,
1615 1568 1669 1616 et
1705 1562 1826 1630 ejus

263 1674 415 1722 certa
446 1665 532 1720 die
559 1669 831 1734 repetunt.

329 1756 406 1810 Ea
440 1755 677 1810 methodi
703 1753 1010 1810 obscuritas
1033 1758 1088 1808 et
1114 1749 1368 1806 confusio
1394 1749 1518 1804 luce
1547 1752 1608 1800 ut
1643 1743 1825 1812 aliqua

1922 1209 2025 1255 est.
2061 1199 2214 1254 Unde
2245 1208 2466 1269 cpactas
2500 1198 2631 1252 solis
2674 1195 2866 1250 feriam
2921 1193 3067 1247 illam
3110 1207 3233 1247 esse
3274 1190 3485 1254 definit,

1923 1308 2043 1364 qua:
2073 1304 2157 1348 est
2189 1280 2366 1346 Martii
2393 1305 2548 1354 xxxi,
2593 1290 2736 1345 sicut
2761 1298 2980 1359 epactas
3010 1287 3250 1349 lunares,
3275 1290 3490 1336 aetatem

1926 1390 2068 1442 luna
2096 1388 2152 1441 in
2177 1387 2366 1442 eodem
2395 1386 2502 1440 die.
2538 1383 2614 1436 Ex
2645 1398 2752 1452 quo
2806 1381 3054 1450 sequitur
3086 1377 3212 1431 anni
3255 1375 3491 1445 primor-

1924 1478 2075 1532 dium
2095 1478 2148 1531 in
2173 1476 2443 1530 Kalendas
2465 1473 2688 1544 Aprilis,
2716 1473 2784 1526 ab
2809 1472 2902 1526 illo
2937 1469 3215 1526 constitui.
3248 1466 3494 1537 Duplici-

1925 1578 2010 1624 ter
2026 1571 2207 1638 itaque
2223 1584 2427 1622 annum
2453 1582 2610 1622 suum
2638 1565 2957 1635 auspicatur
2974 1561 3243 1615 Maximus
3263 1601 3277 1624 ,
3296 1563 3493 1628 nempe

1927 1677 1958 1715 a
1992 1654 2251 1716 Kalendis
2295 1661 2498 1730 Aprilis
2521 1700 2535 1722 ,
2576 1667 2629 1713 et
2664 1673 2692 1712 a
2731 1655 3015 1711 neomenia
3060 1652 3311 1708 Paschali
3345 1667 3358 1703 :
3393 1667 3494 1705 cu-

1925 1753 2164 1824 jusmodi
2191 1755 2245 1808 in
2284 1753 2489 1808 nostris
2522 1767 2757 1822 quoque,
2791 1752 2842 1805 id
2875 1759 2958 1807 est
2993 1747 3226 1815 Latinis,
3254 1745 3495 1815 computi

261 1859 466 1905 nostra:
485 1841 869 1918 disputationis
891 1847 1221 1910 illustretut',
1246 1844 1312 1898 de
1344 1841 1576 1912 singulis
1605 1838 1826 1894 Οτὶθεο·
1855 1815 1901 1876 Β
1931 1815 3241 1917 scriptoribusinconstantiamanimadvertimus
3265 1841 3405 1893 libro
3426 1837 3497 1892 VI

263 1959 386 1996 rum
423 1940 694 2010 computis
729 1939 921 1992 ordine
953 1936 1242 1990 dicendum
1272 1934 1397 1999 erit,
1433 1942 1487 1987 et
1515 1932 1608 2002 qui
1634 1930 1831 1984 unius-

263 2038 533 2106 cujusque
570 2033 822 2088 tradendi
875 2030 1151 2102 principes
1200 2026 1442 2087 fuerunt,
1483 2039 1673 2079 eorum
1706 2038 1832 2092 per-

266 2127 584 2200 vestiganda
618 2125 887 2181 sententia
904 2129 1009 2186 est,
1042 2130 1120 2184 ut,
1143 2115 1600 2188 quemadmodum
1632 2113 1831 2167 abillis

264 2218 551 2274 constituti
584 2217 722 2288 cycli
757 2214 993 2277 fuerint;
1025 2221 1079 2266 et
1118 2224 1229 2280 quo
1266 2215 1426 2277 pacto
1475 2221 1598 2260 cum
1633 2201 1835 2257 Roma-

264 2311 353 2364 nis
383 2306 760 2373 consentiant;
801 2319 865 2357 ac
891 2303 1034 2373 quod
1062 2301 1191 2354 anni
1212 2300 1450 2368 denique
1472 2295 1832 2367 primordium

263 2403 532 2472 ceperint,
556 2408 702 2453 certa
725 2397 936 2450 ratione
964 2393 1290 2448 declaretur.
1320 2390 1368 2444 A
1399 2389 1639 2444 Maximo
1668 2387 1835 2458 igitur

263 2491 641 2562 incipiendum
671 2490 798 2552 erit,
819 2489 910 2558 qui
949 2497 1002 2541 et
1036 2485 1312 2555 antiquior
1341 2490 1530 2547 est,et
1563 2480 1836 2550 antiquio:

263 2581 345 2636 ris
389 2581 709 2635 observator
763 2592 907 2641 terte,
973 2578 1134 2645 cujus
1188 2574 1255 2628 de
1291 2586 1437 2626 anno
1483 2570 1750 2642 primum,
1784 2578 1838 2624 et

261 2673 402 2729 anni
433 2671 638 2742 epocha
668 2677 994 2726 statuemus.

336 2762 770 2819 Alexandrinum
803 2767 1119 2830 computum
1173 2758 1227 2812 in
1282 2753 1535 2812 Paschali
1581 2771 1680 2810 sua
1720 2769 1838 2810 me-

259 2859 440 2915 thodo
487 2867 672 2912 tenere
719 2871 778 2910 se
825 2852 1096 2908 Maximus
1148 2850 1390 2906 ostendit
1417 2848 1592 2919 capite
1617 2844 1837 2914 XXXII,

262 2969 398 3008 cum
455 2965 656 3005 annum
717 2946 1116 3003 Incarnationis
1151 2960 1216 3000 ac
1267 2944 1465 2998 natalis
1522 2941 1725 2997 Christi
1764 2940 1840 2993 ait

263 3045 448 3099 fuisse
497 3041 684 3096 mundi
717 3040 878 3104 550I,
917 3038 1206 3109 scripsisse
1245 3045 1373 3092 vero
1410 3050 1468 3090 se
1499 3047 1644 3088 anno
1679 3033 1840 3098 6155,

1929 1935 2008 1992 De
2033 1937 2274 1991 doctrina
2297 1946 2589 2006 temporum
2605 1941 2747 2006 quae,
2766 1936 2892 2005 quia
2922 1935 3176 2004 perlevis,
3202 1932 3359 1987 facile
3385 1931 3498 1986 dis-

1933 2031 2252 2097 simulatur;
2306 2029 2434 2084 dum
2478 2030 2608 2083 illud
2653 2037 2886 2092 constet,
2932 2043 3100 2082 verno
3147 2040 3355 2088 mense,
3388 2040 3498 2078 non

1933 2123 2235 2178 autumnali
2271 2132 2541 2178 annOrum
2583 2137 2806 2177 suorum
2840 2121 3075 2190 epochas
3106 2118 3292 2176 fixisse
3329 2117 3500 2172 Maxié

1932 2231 2103 2271 mum.

2003 2307 2141 2362 Cum
2173 2307 2292 2362 hac
2328 2304 2772 2376 exploratissima
2820 2303 2964 2369 sint,
2996 2302 3179 2357 tamen
3213 2305 3278 2357 ex
3310 2300 3501 2356 eodem

1935 2400 2154 2455 Maximi
2208 2408 2467 2470 computo
2494 2399 2728 2454 dillicilis
2770 2399 2950 2453 nodus
2989 2397 3252 2452 occurrit.
3293 2394 3505 2466 Quippe

1936 2509 2138 2548 annum
2184 2480 2346 2556 6155,
2379 2499 2432 2546 et
2481 2490 2835 2546 indictionem
2900 2504 2992 2542 xw
3045 2486 3325 2558 componit
3376 2499 3504 2540 cum

1939 2601 2084 2640 anno
2118 2599 2248 2638 xxxi
2296 2583 2558 2644 Heraclii,
2586 2581 2830 2650 adeoque
2853 2594 2976 2634 cum
3013 2579 3167 2650 cyclo
3195 2577 3328 2632 solis
3359 2592 3397 2640 ι,
3421 2576 3505 2629 lu-

1938 2691 2025 2730 nae
2049 2691 2139 2729 xv.
2174 2673 2339 2743 Atqui
2372 2687 2550 2726 annus
2576 2687 2706 2724 xxxi
2746 2669 2979 2725 Heraclii
3002 2675 3216 2738 ereptus
3239 2673 3324 2722 est
3345 2664 3494 2720 Octo-

1941 2766 2025 2822 bri
2056 2766 2184 2819 anni
2206 2763 2410 2819 Christi
2455 2777 2600 2818 iacx.
2651 2760 2898 2815 Mortuus
2938 2765 3023 2814 est
3065 2772 3197 2813 vero
3242 2755 3420 2810 Martii
3451 2769 3506 2807 xi

1941 2858 2072 2913 anni
2124 2871 2322 2912 tacxu.
2369 2856 2424 2910 Si
2459 2871 2636 2910 annus
2682 2839 2875 2907 mundi
2920 2851 3062 2906 6155
3092 2850 3160 2904 ab
3185 2848 3380 2919 Aprili,
3412 2859 3508 2904 aut

1941 2951 2228 3007 neomenia
2276 2949 2529 3006 Paschali
2560 2955 2779 3018 caperet
2807 2947 3092 3002 exordium
3115 2987 3130 3011 ,
3173 2961 3283 2999 non
3315 2944 3507 3013 utique

1944 3042 2084 3097 6155
2127 3056 2330 3096 annum
2371 3040 2641 3110 attigisset
2673 3037 3026 3106 (Heraclius:
3071 3035 3509 3108 quandoquidem

261 3135 514 3192 Heraclii
543 3151 670 3189 XXXI
693 3149 813 3203 cap-
853 3130 998 3186 XV”
1031 3131 1340 3223 signiﬁcat;
1377 3128 1535 3223 cuius
1568 3127 1696 3182 anni
1723 3141 1845 3197 Pas-
1871 3165 1912 3223 ο
1945 3134 2232 3190 neomenia
2262 3132 2545 3188 Paschalis
2575 3146 2719 3186 anno
2752 3133 2858 3188 isto
2899 3131 3124 3201 contigit
3162 3129 3338 3184 Martii
3381 3146 3510 3195 xix;

261 3232 376 3287 sim
411 3227 662 3296 exemplo
693 3226 883 3279 utitur.
932 3224 1124 3278 Annus
1173 3222 1385 3293 primus
1415 3219 1650 3275 Heraclii
1680 3219 1846 3288 erepit

259 3318 504 3375 Octobri
536 3331 720 3372 mense
756 3314 885 3369 anni
930 3330 1052 3369 terte
1077 3312 1407 3368 Christiana:
1449 3326 1591 3374 mox,
1634 3309 1847 3364 tricesi-

258 3426 400 3466 mus
424 3423 554 3463 vero
582 3407 788 3478 primus
819 3420 964 3460 anno
993 3420 1176 3466 loch,
1212 3405 1504 3459 indictione
1531 3402 1849 3458 Constanti-

256 3501 598 3572 nopolitana
628 3515 716 3553 xw
743 3506 868 3569 post
917 3497 1308 3568 Septembrem,
1355 3497 1510 3567 cyclo
1551 3496 1698 3549 lunae
1731 3510 1846 3558 xw,

257 3594 412 3651 solis
432 3608 488 3659 ν,
531 3591 711 3646 littera
756 3589 970 3645 Domin.
999 3589 1107 3644 BA.
1147 3587 1298 3642 Hanc
1323 3603 1489 3658 porro
1533 3585 1849 3641 methodum

255 3686 406 3742 anni
436 3684 526 3741 sui
571 3683 741 3738 tradit
770 3683 948 3752 capite
974 3680 1141 3746 XVII,
1173 3688 1233 3735 ut
1266 3681 1442 3735 divisa
1491 3692 1708 3735 summa
1749 3692 1852 3748 per

252 3793 476 3840 xxvm,
510 3774 557 3830 si
595 3774 722 3845 quid
774 3773 1054 3828 residuum
1084 3772 1186 3837 sit,
1224 3787 1324 3842 pro
1354 3771 1534 3827 solari
1578 3770 1732 3840 cyclo
1762 3783 1855 3823 ca-

252 3872 511 3942 piatur:
552 3877 644 3922 aut
687 3869 733 3922 si
784 3867 920 3920 nihil
968 3872 1157 3930 restet,
1212 3866 1423 3935 integer
1469 3865 1586 3934 ipse
1637 3863 1850 3934 cyclus.

253 3963 422 4017 Idem
473 3967 530 4014 et
574 3960 629 4013 in
662 3959 859 4021 lunari,
909 3967 1069 4028 atque
1101 3955 1399 4012 indictione
1440 3956 1711 4026 praecipit.
1738 3953 1853 4009 Hoc

251 4052 445 4109 modo
482 4050 673 4105 divisis
698 4049 857 4104 annis
885 4049 1046 4114 6155,
1089 4053 1277 4120 cyclus
1328 4048 1664 4117 relinquetur
1719 4046 1854 4102 solis

249 4164 296 4213 ι,
332 4146 501 4200 lunas
529 4157 633 4206 xv,
660 4140 974 4196 indictionis
1017 4155 1138 4194 xtn.
1174 4139 1366 4195 Restat
1407 4139 1543 4193 illud
1579 4139 1857 4208 inquiren-

246 4241 444 4306 dum;
479 4233 679 4304 ecquid
737 4248 914 4288 annus
965 4233 1054 4288 ille
1102 4231 1241 4287 6155
1289 4247 1322 4286 a
1372 4231 1682 4304 Septembri
1726 4235 1854 4286 anni

245 4331 488 4388 Christi
515 4343 694 4395 tach,
720 4343 792 4383 an
823 4341 854 4381 a
885 4325 1134 4383 Paschali
1163 4341 1352 4382 mense
1389 4327 1520 4382 anni
1557 4341 1738 4383 Iacxu
1771 4326 1859 4380 in-

243 4426 469 4498 cipiat.

1948 3233 2142 3296 quarta
2169 3222 2378 3279 decima
2409 3220 2688 3277 Paschalis
2704 3220 2959 3277 Kalendis
2983 3221 3280 3290 Aprilibus,
3313 3222 3447 3276 feria
3473 3237 3510 3275 ι.

1950 3317 2106 3373 Unde
2127 3314 2340 3372 Pascha
2370 3317 2426 3370 in
2447 3315 2650 3385 Aprilis
2679 3331 2776 3368 vm
2799 3313 3155 3380 diffunditur;
3186 3315 3339 3386 cyelo
3370 3315 3511 3370 [unm

1949 3418 2061 3464 tam
2088 3408 2337 3465 Romano
2367 3423 2528 3478 quam
2572 3407 3178 3477 Constantinopolitano
3215 3426 3317 3477 xv;
3361 3411 3512 3481 cyclo

1949 3506 2082 3555 vero
2137 3499 2271 3555 solis
2308 3516 2326 3554 ι
2365 3497 2990 3568 Constantinopolitano,
3019 3497 3268 3552 Romano
3317 3515 3390 3566 vl,
3430 3500 3511 3554 lit:

1951 3597 2068 3646 tera
2096 3588 2162 3656 G,
2195 3591 2341 3660 quod
2364 3589 2632 3643 Maximus
2664 3603 2784 3658 cap.
2817 3587 2939 3642 XIX
2967 3589 3171 3644 diserte
3193 3591 3411 3645 astruit.

2025 3682 2284 3762 Hoclnon
2336 3682 2442 3735 alia
2469 3682 2684 3735 ratione
2737 3679 2963 3737 dissolvi
3011 3689 3192 3751 potest
3236 3699 3398 3754 quam
3454 3687 3515 3739 ea

1955 3789 2077 3844 qua:
2104 3771 2176 3827 l-X
2215 3772 2293 3826 De
2317 3772 2562 3826 doctrina
2597 3781 2890 3842 temporum
2934 3772 3098 3827 allata
3135 3781 3242 3839 est,
3271 3791 3390 3845 cap.
3427 3774 3517 3841 III,

1955 3865 2046 3919 ubi
2077 3863 2374 3921 Maximum
2417 3863 2758 3920 oswndimus
2788 3863 3061 3933 duplicem
3100 3865 3362 3934 epocham
3389 3867 3516 3922 anni

1955 3956 2131 4011 civilis
2184 3965 2238 4011 et
2265 3954 2625 4011 ecclesiastici
2656 3954 2974 4012 confudisse
3005 3974 3021 4012 :
3052 3973 3287 4027 quarum
3331 3959 3422 4013 illa
3450 3961 3517 4016 ab

1959 4045 2265 4118 Septembri
2313 4047 2642 4116 procedebat
2680 4067 2693 4101 :
2742 4047 2858 4103 haec
2895 4049 2962 4103 ab
2992 4049 3187 4119 Aprili,
3219 4059 3312 4106 aut
3353 4070 3518 4111 verno

1956 4153 2162 4195 mense.
2187 4136 2424 4192 Proinde
2460 4137 2600 4192 6155
2626 4153 2830 4192 annum
2864 4138 3079 4194 civilem
3102 4140 3238 4196 alias
3263 4159 3386 4197 cum
3417 4143 3519 4200 lle-

1957 4231 2114 4286 raclii
2131 4243 2274 4285 anno
2300 4246 2452 4293 xxxi,
2480 4237 2534 4284 et
2560 4229 2859 4284 indictione
2882 4246 2973 4283 xw
2996 4233 3364 4302 comparavit;
3387 4235 3521 4292 alias

1957 4325 2209 4404 eumdem
2244 4338 2448 4377 annum
2471 4323 2685 4377 distulit
2715 4323 2771 4377 in
2797 4310 3114 4380 Paschalem
3137 4341 3401 4394 mensem,
3427 4345 3520 4385 cc-

1959 4417 2270 4474 clesiastico
2303 4432 2437 4472 usus
2461 4417 2708 4471 exordio.

329 4506 516 4578 Quod
541 4507 706 4577 igitur
731 4521 1076 4576 nequaquam
1106 4521 1138 4561 a
1165 4505 1471 4577 Septembri
1510 4524 1686 4564 annos
1719 4523 1852 4565 suos
1887 4514 1934 4568 D
2031 4510 2172 4565 Ante
2203 4508 2495 4564 Maximum
2538 4509 2857 4566 Panodorus
2896 4527 3071 4570 annos
3116 4531 3246 4572 suos
3292 4532 3322 4571 a
3359 4530 3528 4576 verno

149 4584 154 4588 I
241 4606 330 4662 sit
380 4614 656 4662 exorsus,
687 4614 755 4653 ex
788 4597 982 4654 XXXII
1013 4601 1188 4670 capite
1237 4601 1490 4656 concludi
1537 4611 1736 4672 potest.
1783 4604 1858 4658 lbi

241 4696 420 4752 enim
450 4693 513 4745 in
539 4691 788 4745 eumdem
822 4705 1023 4746 annum
1058 4692 1514 4747 mundiMartium
1543 4708 1607 4748 ac
1633 4692 1858 4749 Decem-

239 4789 426 4843 brem
469 4781 721 4850 conjicit,
762 4797 956 4853 nempe
1003 4783 1163 4846 550I,
1216 4800 1325 4854 quo
1368 4793 1422 4839 e‘t
1471 4783 1665 4838 feriam
1703 4801 1736 4838 ιι
1783 4785 1859 4838 ait

241 4881 452 4935 fuisse
518 4873 697 4928 Martii
751 4891 878 4940 xxv,
935 4884 990 4930 et
1046 4884 1300 4946 quartam
1357 4875 1674 4932 Decembris
1727 4893 1856 4933 xxv.

1960 4611 2202 4672 tempore
2251 4603 2539 4657 inchoasse
2580 4603 2794 4658 videtur
2835 4624 2848 4659 :
2898 4606 3002 4661 etsi
3059 4607 3325 4680 Georgius
3359 4612 3416 4667 in
3459 4620 3528 4668 ω

1960 4698 2299 4766 fragmento,
2341 4696 2487 4766 quod
2527 4697 2706 4765 capite
2735 4699 3006 4768 superiori
3068 4703 3378 4768 retulimus,
3430 4706 3524 4759 ubi

1960 4785 2412 4871 évavepdmrjctv,
2452 4795 2506 4842 et
2540 4787 2789 4859 γέννησιν
2837 4789 2904 4843 ab
2952 4805 3017 4844 eo
3048 4791 3312 4861 illigatam
3363 4795 3530 4850 refert

1962 4888 2106 4928 anno
2143 4874 2334 4928 mundi
2377 4871 2536 4938 5495,
2588 4876 2796 4930 nullam
2843 4888 3050 4933 certam
3081 4880 3203 4948 ejus
3248 4883 3326 4936 rei
3359 4884 3528 4955 signi-

1963 4965 2270 5021 ficationem
2309 4966 2542 5030 dederit,
2582 4977 2763 5024 tamen
2817 4969 2894 5023 ita
2943 4970 3247 5028 Christiani
3275 4973 3389 5029 fere
3435 4991 3530 5031 ve-

1964 5067 2133 5122 teres,
2180 5059 2371 5113 saltem
2411 5060 2804 5116 ecclesiasticis
2844 5063 2898 5116 in
2951 5065 3223 5133 computis
3248 5073 3301 5120 et
3352 5066 3529 5121 histo-

1964 5151 2100 5216 riis,
2141 5150 2322 5207 facere
2372 5162 2770 5209 consueverant
2817 5162 2877 5208 ut
2934 5155 3002 5210 de
3040 5155 3298 5212 Africano
3345 5174 3466 5230 cap.
3507 5159 3528 5213 1

1964 5241 2130 5311 huju's
2161 5243 2288 5298 libri
2321 5243 2630 5300 docuimus.

2039 5331 2137 5389 His
2181 5335 2597 5400 animadversis,
2641 5335 2800 5390 facile
2834 5337 2946 5407 jam
2977 5339 3082 5392 erit
3131 5339 3264 5394 solis
3297 5355 3361 5394 ac
3389 5340 3531 5396 luna:

1967 5426 2150 5496 cyclos
2178 5441 2300 5480 aera:
2322 5427 2504 5495 hujus,
2541 5435 2605 5482 et.
2625 5430 2868 5498 computi
2893 5430 3148 5499 proprios
3179 5431 3528 5502 investigare,

1968 5533 2032 5570 ac
2065 5531 2188 5569 cum
2225 5516 2430 5570 nostris
2463 5531 2814 5587 componere,
2856 5519 2911 5572 in
2941 5535 3052 5590 quo
3088 5519 3388 5575 foedissime
3414 5521 3533 5574 hal-

1970 5607 2241 5662 lucinatus
2265 5615 2348 5662 est
2384 5604 2660 5676 Scaliger;
2697 5610 2774 5664 uti
2808 5610 2969 5680 paqu
3017 5620 3138 5680 post
3187 5610 3528 5666 ostendetur.

233 4973 434 5029 Certe
453 4965 731 5036 Georgius
757 4963 1064 5037 Syncellus,
1087 4968 1181 5036 qui
1211 4967 1457 5023 eamdem
1481 4983 1649 5022 seram
1670 4968 1860 5038 expri-

231 5063 384 5123 mit,
453 5071 639 5110 annos
696 5072 826 5111 suos
885 5072 914 5110 a
947 5073 1052 5112 xxv
1099 5057 1278 5112 Martii
1332 5058 1689 5128 incipit;nec
1749 5074 1861 5112 non

225 5149 716 5213 Alexandrinum
734 5149 1043 5204 Chronicon
1064 5167 1078 5217 ;
1096 5150 1199 5206 etsi
1216 5150 1492 5205 interdum
1516 5150 1674 5206 aliter
1702 5167 1863 5206 usur-

228 5257 372 5321 pat,
411 5244 498 5297 de
536 5256 644 5309 quo
680 5241 799 5296 vide
829 5257 950 5310 cap.
975 5239 1064 5306 IIl,
1093 5242 1186 5296 lib.
1221 5239 1296 5294 IX
1329 5241 1408 5296 De
1437 5242 1689 5296 doctrina
1724 5251 1861 5296 tem-

221 5351 490 5415 parum,
534 5333 715 5403 cyclos
755 5344 932 5388 autem
975 5334 1108 5389 solis
1142 5349 1207 5389 ac
1263 5335 1406 5388 luna:
1458 5335 1751 5405 perspicue
1792 5335 1863 5390 ab

221 5431 465 5490 eodem
507 5423 724 5488 Martio,
753 5442 860 5478 non
891 5441 921 5478 a
953 5424 1261 5495 Septembri
1308 5428 1571 5483 inchoare
1597 5442 1656 5483 se
1685 5427 1864 5483 declaa

223 5534 352 5583 rm,
408 5530 562 5584 cap.
599 5514 687 5575 VI,
734 5516 824 5569 ubi
859 5517 1184 5572 Iaterculum
1216 5534 1506 5581 enarrans.
1546 5519 1694 5588 quod
1749 5519 1867 5574 edi—

224 5631 366 5673 tum
405 5616 516 5666 est
558 5623 679 5676 pug.
713 5607 835 5670 3l3,
883 5607 1205 5664 Januarium
1237 5621 1292 5664 et
1342 5610 1699 5666 Februarium
1732 5612 1865 5664 ann‘i

220 5697 975 5765 antecedentisessedicit;
1004 5698 1214 5755 Pascha
1231 5701 1580 5771 vero,etejus
1602 5702 1866 5767 xw,anni
1967 5695 2210 5750 Primum
2253 5697 2400 5751 enim
2451 5699 2597 5767 quod
2647 5701 2717 5754 ad
2750 5700 2884 5755 solis
2910 5702 3123 5772 cyclum
3165 5702 3396 5767 attinet,
3446 5699 3532 5754 di-

215 5786 942 5867 sequentis.Praetercaid
965 5805 1032 5844 ex
1050 5791 1318 5860 capitibus
1359 5789 1498 5864 Xac
1523 5791 1634 5846 XIII
1665 5802 1861 5862 Cogno-
1969 5789 2104 5845 visis
2155 5793 2313 5846 annis
2365 5792 2433 5848 ab
2481 5793 2613 5850 orbe
2660 5794 2923 5862 condito,
2975 5795 3229 5850 residuus
3276 5796 3540 5850 numerus

419 5888 723 5948 Parum..-
757 5884 872 5944 Ga.
909 5883 1082 5943 XIX.

3186 5887 3260 5948 ’45
