4022 6398
559 377 696 434 1119

1586 367 1678 421 AD
1716 367 1987 422 EL‘SEBII
2027 365 2418 422 CIIRONICON
2461 365 2824 420 APPENDIX.

3683 366 3834 421 1420

567 495 754 566 cyclus
778 499 860 546 est
898 490 1030 544 solis
1057 508 1068 542 :
1106 495 1198 541 aut
1227 494 1376 542 certe
1409 492 1559 539 totus
1592 485 1708 554 ipse
1737 499 2002 538 numerus
2022 482 2125 547 28;
2158 491 2202 544 Α
2235 499 2380 537 anno
2407 483 2565 536 I572.
2595 483 2670 535 Ac
2699 484 2781 536 vel
2802 499 2866 536 ex
2900 497 2984 544 eo,
3009 481 3152 551 quod
3181 498 3209 535 a
3239 481 3495 538 Kalendis
3529 481 3835 536 Januariis

569 603 713 640 anno
758 583 896 638 6155
925 580 1101 634 diviso
1150 595 1244 649 per
1282 578 1388 643 28,
1441 577 1772 646 relinquitur
1802 576 1851 630 I.
1896 574 2130 629 Proinde

568 680 755 749 cyclus
787 677 921 732 solis
949 692 963 729 ι
995 671 1279 729 concurrit
1301 686 1423 724 cum
1458 685 1603 723 anno
1635 668 1843 723 Christi
1872 667 1995 730 611,
2021 682 2130 736 quo

562 772 843 824 Romanus
889 768 1023 822 solis
1057 765 1242 835 cyclus
1277 771 1394 818 erat
1443 778 1519 823 vi,
1552 762 1732 814 littera
1779 758 2130 813 Dominicalis

561 860 603 913 ϐ
630 881 640 914 :
677 860 817 914 unde
848 857 1046 927 reliqui
1072 857 1331 924 deinceps
1365 852 1651 923 propagari
1686 857 1954 920 possunt;
1986 848 2128 919 quod

563 957 617 1007 in
665 951 1021 1022 sequentibus
1075 946 1368 1002 constabit.
1404 943 1605 1014 Cyclus
1655 941 1864 994 lunaris
1913 938 2131 991 Maximi

565 1047 705 1100 idem
738 1059 965 1116 prorsus
997 1050 1079 1096 est
1127 1054 1250 1094 eum
1303 1036 1569 1090 Romano.
1607 1032 1898 1103 Siquidem
1942 1031 2132 1085 divisis

563 1137 700 1192 6155
723 1153 818 1208 per
847 1135 932 1200 I9,
960 1133 1153 1202 reliqui
1183 1137 1311 1184 sunt
1340 1145 1434 1190 xv,
1455 1139 1507 1181 et
1539 1141 1728 1181 revera
1761 1139 1904 1177 anno
1928 1122 2131 1175 Christi

561 1232 685 1296 611,
715 1230 901 1301 cyclus
946 1234 1064 1281 erat
1103 1225 1243 1277 luna:
1281 1221 1365 1274 15.
1412 1218 1571 1284 Quod
1622 1218 1821 1271 mirum
1858 1229 1982 1269 esse
2023 1228 2131 1266 non

561 1326 739 1380 debet.
799 1322 877 1375 Ex
926 1319 1117 1375 eodem
1163 1317 1367 1386 quippe
1430 1311 1928 1366 Alexandrinorum
1984 1307 2131 1359 fonte

561 1416 732 1470 Graeci
766 1429 830 1468 ac
858 1412 1036 1466 Latini
1077 1411 1282 1480 pariter
1325 1409 1570 1460 lunarem
1620 1403 1855 1455 hausere
1884 1397 2128 1468 cyclum;

560 1516 614 1562 et
656 1507 724 1560 ab
757 1505 945 1560 eadem
991 1502 1236 1572 epocha,
1272 1499 1529 1552 nimirum
1579 1493 1645 1547 ab
1703 1506 1871 1545 verno
1919 1502 2128 1550 mense,

562 1616 722 1655 usum
757 1599 902 1653 illius
929 1596 1195 1666 auspicati
1235 1601 1389 1647 sunt.

632 1691 691 1745 In
723 1688 1027 1745 indictione
1054 1684 1290 1756 putanda
1327 1683 1622 1753 perplexus
1647 1684 1729 1731 est
1753 1675 2046 1737 Maximus,
2075 1671 2131 1726 in

560 1800 733 1854 eaque
754 1780 1045 1837 methodus
1072 1778 1228 1841 fallit,
1247 1791 1367 1845 qua:
1392 1791 1486 1844 per
1510 1772 1719 1842 cyclum
1747 1771 2015 1838 integrum
2033 1765 2131 1835 τὴν

2237 577 2482 630 lunarem
2538 577 2752 646 cyclunt
2832 575 3080 629 inchoari
3133 575 3359 640 scribit,
3423 575 3836 644 conjecturam

2235 677 2476 720 nostram
2506 668 2794 736 approbat,
2828 683 2992 736 quam
3029 668 3205 736 capite
3239 665 3304 720 Ill
3329 668 3598 736 superius
3643 669 3838 735 expli-

2233 760 2510 824 cavimus;
2543 759 2758 816 Griecos
2807 761 2861 814 in
2896 761 3001 814 hoc
3047 775 3242 830 genere
3289 761 3540 828 computi
3591 759 3838 812 Latino-

2233 868 2364 919 rum.
2429 869 2492 906 ac
2541 853 2853 908 Judaeorum
2939 868 3133 907 aureos
3191 869 3446 908 numeros
3499 852 3835 920 accepisse.

2233 943 2366 998 Nam
2395 944 2713 999 Latinorum
2761 945 3040 1015 proprium
3073 945 3127 998 id
3165 944 3290 1007 fuit,
3325 945 3585 998 lunarem
3619 943 3706 997 ab
3743 941 3834 994 Ja-

2235 1037 2430 1089 nuario
2467 1038 2682 1107 cyclum
2719 1038 3008 1101 inchoare;
3062 1053 3183 1092 cum
3219 1037 3287 1091 ab
3337 1037 3537 1106 Aprili,
3574 1038 3670 1090 vel
3729 1035 3838 1088 Pa-

2236 1129 2407 1181 schali
2434 1144 2619 1182 mense
2654 1127 2922 1183 Romanis
2954 1128 3092 1184 idem
3127 1130 3314 1199 cyclus
3342 1129 3712 1199 procederet.
3756 1127 3832 1181 Ex

2235 1221 2322 1276 his
2385 1221 2733 1276 concluditur
2787 1237 2990 1276 annum
3048 1222 3258 1277 civilem
3301 1222 3833 1290 Constantinopoli-

2235 1322 2422 1366 tanum
2479 1313 2695 1368 duobus
2763 1313 3095 1382 respondere
3143 1313 3313 1384 eyelis
3367 1311 3720 1375 lunaribus,
3775 1322 3831 1363 ut

2234 1420 2410 1460 annus
2455 1405 2589 1459 688I
2630 1421 2659 1458 a
2700 1405 3008 1476 Septembri
3047 1405 3175 1458 anni
3224 1404 3360 1458 1572
3400 1405 3714 1473 incipiens,
3761 1403 3825 1455 ad

2235 1498 2549 1553 Decembris
2582 1499 2744 1553 linem
2779 1499 2933 1569 cyclo
2974 1499 3008 1552 2
3042 1500 3699 1567 Constantinopolitano,
3741 1501 3824 1551 vel

2233 1589 2266 1642 5
2294 1587 2541 1643 Romano
2585 1591 2919 1660 respondet:
2958 1605 2987 1643 a
3031 1590 3288 1646 Kalendis
3317 1589 3622 1650 Januariis.
3661 1592 3826 1660 cyclo

2235 1681 2418 1745 tertio,
2449 1691 2503 1736 et
2535 1680 2786 1736 Romano
2815 1682 2869 1747 6,
2913 1683 3058 1752 quod
3103 1684 3169 1737 de
3200 1683 3364 1736 solari
3403 1698 3628 1752 quoque
3661 1684 3826 1754 cyclo

2236 1773 2486 1830 Romano
2517 1775 2809 1830 dicendum
2847 1787 2950 1832 est.
2989 1777 3305 1831 Distributis
3339 1777 3498 1831 annis
3537 1776 3685 1830 6881
3729 1792 3826 1846 per

560 1837 733 1946 έμξιδα
773 1873 986 1928 dividit,
1010 1870 1142 1924 Nam
1179 1837 1226 1923 si
1255 1837 1514 1934 eiss'per
1545 1837 1612 1916 ἰδ
1649 1837 1906 1932 partiare.
1937 1872 2130 1928 super-
2161 1837 2207 1896 Β
2236 1866 2325 1929 28,
2364 1875 2532 1921 restat
2572 1868 2759 1938 cyclus
2793 1869 2928 1923 solis
2956 1868 3019 1921 2|
3057 1868 3125 1922 ab
3168 1868 3389 1923 Octobri
3442 1869 3580 1921 anni
3629 1837 3820 1921 137's;

560 1973 666 2025 erit
720 1967 944 2023 indictio
989 1978 1111 2017 xm.
1147 1959 1310 2030 Atqui
1367 1973 1452 2011 xlv
1493 1963 1670 2024 empta
1714 1963 1796 2006 est
1829 1947 2134 2020 Septembri

562 2063 690 2117 anni
716 2061 842 2122 640,
864 2065 918 2113 et
959 2063 1222 2124 sequente
1251 2050 1350 2104 6M
1391 2048 1570 2101 adhuc
1600 2044 1872 2106 obtinuit;
1903 2056 2003 2095 nec
2030 2039 2135 2093 alia

561 2169 685 2207 eum
717 2165 862 2204 anno
896 2146 1083 2202 mundi
1116 2145 1253 2197 6155
1281 2139 1534 2210 componi
1572 2136 1782 2191 debuit.
1828 2134 2025 2188 Verum
2066 2129 2135 2184 ad

561 2241 879 2298 methodum
919 2238 1105 2291 unitas
1152 2232 1370 2287 additur
1419 2229 1578 2283 annis
1630 2225 1844 2289 mundi,
1883 2235 1940 2277 ut
1989 2222 2133 2276 indi-

561 2335 799 2388 ctionem
852 2330 1124 2383 labentem
1175 2325 1468 2380 obtineas:
1503 2318 1963 2391 quemadmodum
2010 2331 2132 2384 cap.

563 2422 782 2480 XXXIII
820 2419 1076 2489 Computi
1121 2417 1396 2471 admonet.
1454 2412 1735 2482 Duplicem
1784 2411 1929 2464 enim
1985 2409 2131 2462 indi-

561 2518 800 2572 ctionem
834 2513 1025 2568 statuit
1051 2530 1063 2565 :
1096 2524 1283 2572 unam,
1311 2522 1430 2577 qua:
1449 2505 1745 2560 exsistitex
1765 2502 1922 2556 anuis
1946 2499 2135 2553 mundi

563 2625 661 2680 per
695 2624 760 2662 xv
796 2605 1023 2668 divisis;
1061 2609 1257 2670 estque
1289 2600 1498 2653 unitate
1534 2597 1735 2659 minor,
1769 2608 1933 2664 quam
1958 2593 2135 2660 reipsa

562 2710 694 2755 tunc
724 2705 1055 2768 usurpatur;
1087 2693 1336 2754 alteram,
1367 2705 1490 2760 qua:
1521 2688 1588 2741 ab
1620 2686 1849 2756 Augusti
1890 2684 2134 2740 secundo

565 2792 780 2864 imperii
816 2805 960 2844 anno
990 2797 1076 2843 est
1099 2800 1295 2841 exorsa
1327 2801 1339 2836 :
1367 2797 1527 2851 quem
1557 2780 1776 2851 quidem
1810 2777 2039 2831 allirmat
2068 2792 2136 2830 ex

564 2903 632 2940 xv
659 2883 960 2939 indictione
1001 2880 1238 2949 primam
1274 2890 1420 2930 anno
1459 2876 1565 2928 isto
1606 2872 1824 2928 fecisse.
1850 2869 1974 2923 llaec
2007 2876 2135 2923 sunt

565 2971 960 3027 commentitia.
998 2967 1137 3022 Vera
1167 2974 1346 3019 autem
1378 2964 1531 3033 origo
1552 2961 1824 3033 patefacta
1861 2968 1944 3015 est
1969 2973 2133 3028 supra

564 3079 684 3135 cap.
707 3061 796 3117 111.
827 3061 962 3116 Vide
997 3068 1050 3115 et
1075 3073 1198 3128 cap.
1230 3059 1269 3122 l,
1301 3057 1394 3112 ubi
1423 3057 1490 3112 de
1533 3052 1928 3109 iudictionibus
1966 3051 2136 3106 Maxi-

565 3157 638 3210 mi
663 3155 896 3224 egimus.

638 3244 696 3298 ln
719 3245 889 3299 altero
914 3250 1197 3313 computo,
1226 3256 1386 3312 quem
1415 3241 1553 3294 κατὰ
1580 3239 1881 3310 Ῥωμαίους
1903 3237 2136 3308 appellat

564 3337 869 3406 Georgius,
932 3335 1135 3405 quique
1189 3348 1391 3387 annum
1463 3331 1862 3386 Incarnationis
1911 3331 2137 3385 exhibet

564 3428 755 3483 mundi
791 3425 951 3490 5509,
979 3425 1204 3497 perinde
1235 3425 1487 3494 ambigua
1511 3433 1595 3479 est
1616 3439 1882 3478 annorum
1906 3423 2133 3493 epocha.

565 3519 788 3574 Isaacus
825 3519 1068 3590 Argyrus
1119 3535 1238 3588 cap.
1285 3517 1350 3570 IlI
1381 3517 1630 3587 Computi
1679 3516 1899 3588 prioris,
1933 3531 2135 3569 annum

565 3613 780 3668 civilem
807 3612 884 3665 ait
912 3629 942 3664 a
977 3611 1283 3675 Septembri
1320 3610 1600 3676 inchoari;
1626 3611 1838 3680 cyclum
1868 3610 2128 3672 solarem,

567 3709 635 3762 ab
659 3705 916 3762 Octobris
948 3705 1232 3761 Kalendis.
1258 3706 1482 3776 Cyclum
1503 3720 1635 3760 vero
1665 3705 1909 3758 lunarem
1927 3717 2047 3773 cap.
2072 3702 2136 3756 IV

566 3799 636 3853 ab
683 3797 946 3852 Januario
1001 3798 1222 3867 incipit,
1256 3812 1320 3851 ac
1371 3797 1563 3852 divisis
1617 3797 1776 3851 annis
1814 3795 2002 3849 mundi
2044 3810 2140 3864 per

566 3899 955 3957 congruentem
990 3891 1144 3960 cyclo
1181 3890 1358 3944 cuivis
1392 3905 1703 3953 numerum,
1742 3887 1925 3958 colligi
1956 3887 2141 3941 laben-

566 3993 674 4036 tem
709 3997 854 4035 anno
887 3982 1075 4035 ultimo
1113 3982 1328 4051 cyclum
1375 3982 1592 4034 asserit.
1625 3980 1864 4041 Annum,
1894 3994 2002 4047 quo
2038 3981 2141 4032 ista

567 4069 853 4140 prodebat,
884 4069 1062 4139 capite
1099 4069 1163 4122 III
1212 4069 1408 4124 scribit
1444 4086 1566 4124 esse
1615 4069 1802 4122 mundi
1837 4068 2000 4131 6881,
2032 4084 2140 4138 quo

566 4159 744 4216 diviso
789 4176 883 4230 per
909 4160 1000 4224 28,
1048 4161 1106 4214 ﬁt
1154 4162 1288 4216 solis
1333 4161 1526 4232 cyclus
1586 4159 1676 4225 21,
1721 4168 1834 4214 ιιιιιι
1882 4159 2137 4214 Octobris

566 4267 694 4305 nrt
718 4250 805 4306 die
840 4250 1032 4306 feriam
1075 4268 1132 4306 ιιι
1163 4252 1356 4308 scribit
1403 4252 1594 4319 fuisse,
1641 4255 1817 4320 capite
1867 4252 2137 4321 sequenti.

565 4343 662 4398 Est
708 4344 796 4397 hic
843 4359 1020 4400 annus
1067 4345 1273 4400 Christi
1333 4346 1506 4408 I572,
1549 4347 1704 4417 cyclo
1763 4344 2011 4398 Romano
2064 4361 2138 4407 Ix,

572 4437 751 4490 littera
778 4436 1042 4492 Dominic.
1092 4438 1196 4494 DC.
1233 4438 1377 4494 Idem
1416 4449 1596 4494 tamen
1638 4440 1815 4509 capite
1849 4436 1938 4501 VI,
1975 4427 2137 4508 μέχρι

2233 1972 2344 2028 quo
2401 1957 2680 2014 Romanus
2720 1959 2754 2013 9
2801 1960 2981 2014 adhuc
3025 1961 3078 2013 in
3122 1976 3224 2014 usu
3268 1967 3425 2014 erat:
3479 1976 3631 2013 anno
3689 1977 3827 2014 vero

2235 2056 2496 2119 sequente
2531 2050 2673 2103 1575
2714 2058 2833 2105 erat
2889 2051 3076 2121 cyclus
3133 2051 3218 2104 10.
3268 2050 3541 2115 Quocirca
3597 2053 3826 2120 primus

2234 2142 2420 2212 cyclus
2459 2142 2657 2197 solaris
2684 2142 3410 2212 Constantiriopolitanorum
3447 2152 3573 2198 erat
3605 2143 3824 2197 Roma-

2236 2250 2339 2289 nus
2371 2235 2435 2288 I7
2465 2235 2534 2288 ab
2561 2232 2823 2298 Octobri;
2852 2234 3115 2290 Januario
3153 2251 3280 2289 vero
3311 2244 3600 2304 sequente,
3623 2237 3733 2300 I8;
3769 2248 3824 2291 et

2232 2327 2445 2392 primus
2485 2327 2672 2396 cyelus
2712 2327 2990 2380 Romanus
3042 2325 3302 2380 Januario
3339 2343 3529 2381 mense
3580 2344 3822 2398 respon-

2233 2418 2395 2471 debat
2431 2420 2584 2489 cyclo
2625 2418 3234 2489 Constantinopolitano
3278 2419 3362 2472 I2.
3407 2419 3638 2474 Octobri
3685 2437 3824 2476 vero

2235 2517 2515 2579 sequente,
2560 2512 2716 2581 cyclo
2767 2512 2853 2566 15.
2902 2511 3135 2566 Lunaris
3167 2512 3352 2582 cyclus
3389 2512 3707 2577 idem,erat
3761 2529 3827 2568 ac

2233 2600 2590 2668 Latinorum;
2644 2609 2698 2655 et
2753 2603 2998 2656 ternario
3053 2604 3234 2657 minor
3283 2612 3403 2658 erat
3460 2601 3725 2657 Romano
3771 2614 3824 2658 et

2233 2691 2622 2746 Alexandrino.
2655 2689 2783 2756 Sed,
2827 2703 2885 2747 ut
2911 2693 3023 2762 jam
3063 2696 3267 2757 moniti,
3308 2709 3484 2763 neque
3527 2695 3588 2747 in
3619 2695 3822 2749 embo-

2235 2782 2520 2837 lismorum
2559 2784 2807 2850 ratione;
2850 2800 2952 2839 nec
2983 2786 3036 2839 in
3071 2785 3354 2841 Paschalis
3392 2787 3726 2842 celebritate
3755 2789 3825 2842 ab

2234 2873 2618 2930 Alexandrinis
2655 2886 2710 2931 et
2741 2875 3043 2932 Catholicis
3073 2878 3340 2934 institutis
3369 2879 3819 2934 abhorruerunt.

2235 2964 2466 3020 lndictio
2521 2966 2761 3036 denique
2809 2968 2997 3024 eadem
3053 2977 3172 3023 erat
3224 2984 3288 3024 ac
3339 2968 3632 3038 Romana,
3701 2972 3822 3026 sive

2235 3057 2609 3127 imperatoria,
2643 3066 2702 3111 ut
2745 3068 2963 3118 vocant.
3013 3076 3044 3113 a
3080 3059 3423 3129 Septembri;
3469 3062 3592 3116 sive
3636 3064 3820 3117 eccle-

2161 3185 2204 3242 ε
2240 3152 2463 3206 siastica
2497 3151 2563 3205 ab
2595 3149 2878 3206 Januario.
2917 3152 3134 3207 Unitate
3164 3169 3294 3222 ergo
3335 3155 3516 3223 major
3551 3166 3673 3210 erat
3703 3157 3818 3217 illa,

2238 3261 2358 3315 qua:
2383 3261 2446 3300 ex
2472 3244 2844 3299 Alexandrino
2883 3253 3140 3314 computo
3168 3245 3350 3314 prodit
3377 3263 3393 3300 :
3436 3248 3592 3314 quod
3629 3248 3820 3316 impri-

2237 3336 2340 3392 mis
2409 3336 2710 3390 notandum
2750 3337 2933 3401 venit,
2983 3344 3042 3389 ut
3101 3352 3168 3391 ex
3233 3352 3299 3392 eo
3349 3338 3817 3408 chronologorum

2237 3428 2574 3490 Graecorum,
2606 3436 2659 3482 et
2700 3428 2970 3497 imprimis
3000 3427 3352 3498 Theophanis
3385 3440 3576 3484 errata
3622 3430 3816 3500 depre-

2238 3517 2564 3573 hendamus.
2611 3515 2785 3586 Hujus
2829 3517 3233 3573 observationis
3275 3521 3559 3588 specimen
3610 3521 3818 3590 praebe~

2237 3611 2438 3666 bimus.

2310 3701 2669 3772 Theophanes
2700 3703 2775 3757 ait
2811 3704 3120 3758 Heraelium
3164 3705 3394 3773 coepisse
3428 3719 3583 3759 anno
3629 3707 3818 3760 mundi

2239 3794 2399 3858 6102,
2419 3795 2820 3850 Incarnationis
2839 3795 2964 3860 602,
2989 3797 3238 3851 Octobris
3269 3814 3339 3860 iv,
3367 3797 3502 3851 feria
3529 3814 3599 3860 ιι,
3627 3800 3818 3854 indici.

2240 3901 2347 3938 XIV.
2389 3883 2488 3938 Ilic
2522 3895 2607 3940 est
2643 3901 2822 3940 annus
2864 3886 3067 3940 Christi
3100 3883 3465 3956 Dionysianus
3497 3886 3633 3950 610,
3665 3888 3822 3957 cyclo

2239 3975 2502 4045 prmditus
2525 3978 2692 4032 solari
2728 3993 2817 4040 ιιι,
2855 3977 3033 4032 littera
3069 3977 3129 4032 D.
3163 3978 3348 4047 Itaque
3370 3993 3529 4032 error
3558 3989 3646 4033 est
3679 3981 3822 4049 apud

2240 4065 2650 4135 Theophanem,
2704 4067 3100 4136 legendumque
3161 4067 3295 4121 feria
3328 4085 3366 4130 ι,
3412 4084 3524 4121 non
3577 4085 3639 4122 ιι.
3696 4070 3826 4122 Erat

2241 4157 2470 4212 indictio
2521 4159 3138 4229 Constantinopolitana
3207 4161 3274 4214 ab
3330 4159 3651 4229 Septembri
3711 4178 3825 4216 xiv.

2241 4250 2398 4303 Ilunc
2430 4248 2595 4320 igitur
2630 4266 2835 4305 annum
2878 4260 3034 4320 putat
3079 4251 3440 4322 Theophanes
3489 4253 3565 4307 ab
3612 4254 3828 4308 Adamo

2242 4340 2417 4408 6I02;
2453 4343 2850 4399 Incarnationis
2874 4345 2997 4398 602.
3027 4349 3096 4398 At
3117 4345 3401 4401 Cedrenus
3437 4347 3826 4412 mundi6105,

2244 4433 2644 4490 Incarnationis
2694 4435 2822 4490 609.
2858 4435 3060 4491 Verum
3105 4437 3251 4506 quod
3303 4436 3371 4490 ad
3410 4435 3829 4493 Incarnationis

571 4527 667 4596 τῆς
695 4527 867 4598 ἀρχῆς
901 4527 992 4580 τοῦ
1047 4527 1348 4598 ἀρχομένου
1392 4528 1718 4599 Ἰανουαρίου
1743 4567 1758 4591 ,
1810 4546 1828 4578 ι
1861 4543 2038 4597 usque
2069 4527 2135 4581 ad

2242 4539 2416 4580 annos
2437 4529 2649 4591 attinet,
2675 4527 2936 4589 Miscella,
2956 4543 3079 4598 qua:
3101 4544 3168 4582 ex
3201 4527 3558 4598 Theophanis
3589 4529 3830 4585 historia

567 4619 782 4671 initium
813 4614 1080 4682 Januarii,
1105 4622 1197 4690 qui
1227 4620 1473 4689 proxime
1503 4620 1777 4690 sequitur,
1807 4639 1825 4671 ›
1854 4634 2030 4674 annos
2061 4618 2138 4672 ait

565 4724 687 4764 esse
719 4707 897 4764 6880:
938 4709 1138 4780 quibus
1172 4711 1364 4767 divisis
1411 4727 1507 4782 per
1549 4712 1637 4777 I9,
1670 4712 1886 4783 cyelum
1934 4711 2076 4764 lunae
2106 4709 2142 4764 2

566 4800 783 4854 conllei.
849 4799 972 4854 llaec
1044 4804 1120 4856 ita
1183 4802 1469 4858 conciliari
1530 4810 1780 4874 possunt.
1853 4801 2142 4858 Scribebat

567 4887 784 4941 lsaacus
829 4887 1049 4943 Octobri
1104 4905 1291 4946 mense
1344 4892 1475 4946 anni
1529 4893 1736 4949 Christi
1790 4893 1964 4960 I372;
2015 4908 2140 4947 cum

563 4979 676 5044 jam
731 4979 800 5032 ab
847 4979 1152 5049 Septembri
1202 4991 1418 5052 emptus
1460 4994 1606 5039 esset
1647 5000 1825 5040 annus
1866 4987 2142 5041 Constan-

567 5072 960 5143 tin0politanus
993 5074 1127 5128 6881
1156 5090 1280 5129 cum
1317 5077 1615 5131 indictione
1638 5094 1690 5132 xi
1721 5117 1736 5143 ,
1771 5077 1985 5134 ratione
2011 5093 2142 5134 vero

565 5162 705 5231 cycli
744 5163 944 5219 solaris
993 5179 1025 5218 ιι
1057 5164 1316 5221 Kalendis
1365 5167 1654 5223 Octobris:
1707 5183 1872 5238 porro
1924 5168 2141 5224 ratione

565 5255 703 5325 cycli
739 5255 979 5319 lunaris,
1015 5255 1276 5314 Kalendis
1310 5256 1590 5312 Januariis
1624 5261 1983 5330 sequentibus
2033 5259 2142 5315 ini-

565 5349 703 5401 tium
731 5346 1020 5404 habiturus
1041 5355 1179 5413 erat,
1203 5349 1286 5405 sic
1311 5356 1371 5404 ut
1397 5365 1574 5406 annus
1595 5350 1752 5420 6880ι
1766 5359 2142 5421 perseveraret

567 5455 712 5493 anno
741 5439 897 5494 1572.
938 5440 1122 5511 Itaque
1155 5441 1223 5496 ad
1261 5441 1535 5498 Kalendas
1553 5442 1801 5498 Januarii
1833 5446 1964 5500 anni
1997 5445 2138 5500 1575

566 5528 788 5586 ﬂuxisse
818 5531 893 5585 ait
925 5547 1096 5588 annos
1129 5532 1307 5588 6880:
1339 5535 1534 5588 horum
1570 5536 1798 5591 ultimus
1831 5537 2137 5606 occupabat

567 5635 770 5675 annum
797 5622 954 5688 1572,
987 5624 1146 5694 cujus
1179 5624 1312 5680 adeo
1348 5627 1562 5696 cyclum
1600 5627 1910 5697 investigat.
1949 5627 2140 5684 Divide

569 5727 742 5768 annos
777 5713 916 5768 6880
950 5730 1046 5786 per
1074 5717 1162 5781 19,
1193 5725 1364 5772 restat
1392 5719 1426 5770 2
1464 5719 1605 5772 luna:
1633 5719 1819 5785 cyclus
1846 5719 2134 5785 Judaicus,

567 5814 621 5860 et
650 5805 908 5874 Latinus;
943 5811 1035 5880 qui
1072 5809 1315 5866 Romano
1347 5811 1381 5868 5
1428 5812 1743 5881 respondet,
1778 5823 1982 5885 quotus
2016 5827 2135 5871 erat

2241 4627 2478 4682 constat,
2511 4620 2764 4675 eumdem
2805 4620 2970 4674 habet
3000 4636 3202 4674 annum
3237 4618 3366 4684 602,
3400 4627 3459 4674 ut
3490 4631 3716 4676 certum
3762 4625 3833 4678 sit

2242 4726 2272 4764 a
2307 4710 2637 4782 Theophane
2696 4714 2771 4767 ita
2820 4714 3088 4784 scriptum
3135 4711 3340 4778 fuisse,
3390 4715 3594 4768 mundi
3648 4715 3830 4780 6102,

2243 4802 2638 4860 Incarnationis
2687 4805 2834 4860 602:
2897 4807 3087 4862 divisis
3134 4806 3275 4861 6I02
3327 4821 3430 4877 per
3466 4806 3571 4874 I5,
3629 4810 3831 4879 reliqui

2243 4902 2372 4949 sunt
2397 4894 2496 4962 I2;
2520 4895 2703 4950 addita
2737 4897 2968 4963 unitate,
3000 4913 3068 4952 ex
3088 4905 3361 4968 praecepto
3384 4896 3638 4964 Maximi,
3672 4901 3832 4954 colli-

2242 4987 2387 5056 gitur
2414 4987 2642 5042 indictio
2675 5004 2800 5052 xm,
2838 4987 2942 5042 hoc
2975 4998 3059 5044 est
3095 4991 3339 5043 Romana
3374 5006 3405 5043 a
3443 4989 3726 5048 Januario
3766 4994 3830 5046 ad

2246 5081 2406 5131 linem
2458 5077 2810 5147 Decembris;
2841 5079 3452 5150 Constantinopolitana
3505 5099 3651 5138 vero
3679 5100 3714 5138 a
3741 5085 3830 5139 Ja-

2243 5170 2459 5233 nuario,
2494 5170 2561 5224 ad
2599 5171 2760 5226 linem
2797 5172 3047 5243 Augusti.
3079 5171 3354 5238 Quocirca
3385 5175 3631 5230 indictio
3674 5193 3830 5233 com-

2244 5261 2358 5328 puti
2385 5261 2762 5326 Alexandrini,
2795 5279 2916 5334 qua:
2942 5279 3007 5319 ex
3041 5265 3311 5320 divisione
3339 5267 3438 5337 τῆς
3477 5268 3694 5336 ὁμάδος
3723 5271 3830 5324 ori-

2245 5359 2356 5414 tur,
2393 5354 2497 5408 nisi
2525 5355 2594 5409 ab
2623 5354 2936 5426 Septembri
2963 5372 3138 5414 annos
3167 5357 3471 5422 ordiamur,
3502 5373 3534 5411 a
3560 5358 3830 5417 Januario

2245 5445 2313 5498 ad
2358 5445 2733 5517 Septembrem
2779 5450 3049 5504 unitatem
3102 5449 3230 5504 addi
3287 5450 3392 5504 sibi
3455 5454 3748 5520 postulat;
3802 5468 3830 5508 a

2247 5535 2574 5605 Septembri,
2612 5540 2678 5592 ad
2714 5539 2844 5594 anni
2887 5542 3071 5608 linem,
3102 5541 3318 5595 binario
3346 5551 3433 5597 est
3461 5546 3750 5613 augenda,
3775 5555 3831 5599 ut

2244 5629 2459 5684 civilem
2511 5629 3182 5702 Constantinopolitanam
3241 5643 3606 5703 assequatur.
3661 5636 3833 5706 Igitur

2246 5741 2390 5778 anno
2440 5723 2644 5780 Christi
2687 5726 2833 5791 610,
2877 5735 2997 5781 erat
3037 5743 3218 5782 annus
3268 5729 3668 5786 Alexandrina:
3714 5749 3834 5788 ara:

2246 5819 2441 5874 6102a
2493 5834 2659 5873 verno
2717 5832 2906 5873 mense
2934 5830 3184 5893 emptus.
3228 5821 3271 5872 A
3325 5820 3650 5892 Septembri
3704 5842 3830 5881 vero
