4022 6398
224 418 355 477 1421

1198 412 1654 473 DISSERTATIO
1698 412 1783 466 DE
1823 409 2229 466 GRAECORUM
2269 410 2473 466 IERIS.

3323 410 3456 466 112⁸2

223 534 400 592 civilis
449 547 626 588 annus
661 531 800 588 6105
846 533 1025 603 putari
1069 531 1237 601 coepit
1267 550 1280 585 :
1308 510 1470 598 ‘quod
1509 527 1788 582 Cedrenus
1820 531 1862 587 Α
1895 524 2457 597 labentem'cujusque
2488 529 2726 595 computi
2762 526 3179 590 numerandum,
3208 531 3456 599 praecipit

224 635 445 683 secutus
478 633 598 693 est;
637 626 792 694 prius
837 633 1042 686 autem,
1075 623 1462 692 Theophanes,
1494 619 1586 689 qui
1617 618 1790 673 eccle-

225 718 449 774 siastico
482 732 654 783 more,
698 723 760 770 ut
787 714 1046 782 vidimus,
1072 728 1246 769 annos
1289 727 1318 765 a
1357 710 1619 765 Paschate
1654 709 1790 762 solet

227 810 486 879 incipere.

294 899 657 969 Theophanes
723 897 863 953 idem
933 902 1123 951 narrat
1179 893 1417 949 Leonem
1490 891 1791 947 Isauricum

226 992 429 1047 obiisse
485 1004 631 1043 anno
671 989 885 1059 imperii
926 990 1012 1045 sui
1051 1004 1181 1052 xxv,
1221 986 1334 1056 jam
1390 986 1458 1040 ab
1511 983 1792 1039 mensibus

224 1080 462 1143 duobus,
490 1080 684 1134 diebus
724 1094 837 1132 χιιι
874 1079 1161 1141 inchoato,
1197 1091 1291 1131 xlv
1321 1073 1593 1130 Kalendas
1638 1073 1789 1134 Julii,

228 1171 525 1226 indictione
549 1187 626 1232 rx,
658 1171 802 1240 quod
837 1180 890 1224 et
940 1170 1168 1224 historia
1210 1168 1449 1223 Miscella
1476 1166 1645 1222 refert
1690 1166 1794 1221 sub

225 1262 385 1315 finem
420 1260 544 1314 libri
577 1260 717 1313 XXI.
755 1261 915 1324 Ἔτος
952 1254 1021 1330 ἦν
1055 1259 1162 1313 ἀπὸ
1194 1259 1293 1330 μὲν
1322 1258 1551 1322 κτίσεως
1589 1259 1791 1329 κόσμου

227 1351 366 1404 κατὰ
401 1350 916 1422 Ῥωμαίους,ςσμη’
960 1350 1069 1404 ἀπὸ
1116 1349 1304 1421 Ἀδὰμ,
1341 1349 1481 1403 κατὰ
1529 1349 1586 1402 δὲ
1627 1351 1793 1418 Αἰγυ-

225 1442 438 1503 πτίους,
471 1441 640 1511 ἤγουν
673 1440 1063 1513 Ἀλεξανδρεῖς,
1086 1438 1281 1511 ιςσλβς
1315 1439 1422 1493 ἀπὸ
1444 1438 1501 1492 δὲ
1524 1439 1791 1491 Φιλίππω

224 1533 365 1585 κατὰ
411 1531 728 1596 Μακεδόνας
766 1532 922 1603 ,αξγε
972 1530 1103 1598 Qua:
1134 1532 1213 1586 sic
1273 1529 1480 1586 Paulus
1520 1528 1793 1585 Diaconus

224 1625 422 1679 vertit:
470 1642 489 1675 ι
521 1624 659 1679 Cum
707 1640 888 1679 annus
939 1632 1084 1682 esset
1139 1639 1170 1679 a
1209 1624 1522 1681 conditione
1572 1626 1791 1695 quidem

223 1714 448 1778 mundi,
479 1714 638 1783 juxta
688 1714 1003 1779 Romanos,
1048 1715 1116 1770 ab
1150 1715 1323 1768 Adam
1379 1722 1569 1770 sextus
1613 1716 1789 1770 mille-

225 1808 398 1862 simus
447 1806 859 1863 ducentesimus
899 1806 1352 1879 quadragesimus
1400 1815 1648 1872 octavus,
1703 1823 1792 1862 se-

224 1898 466 1952 cundum
493 1898 782 1969 :Egyptios
812 1915 964 1965 vero,
1009 1915 1104 1955 seu
1136 1899 1561 1963 Alexandrinos,
1604 1908 1793 1955 sextus

223 1990 547 2046 millesimus
590 1991 1000 2046 ducentesimus
1036 1990 1350 2046 tricesimus
1409 1990 1725 2057 secundus;
1765 2006 1794 2044 a

224 2079 495 2152 Philippo,
534 2083 836 2136 secundum
886 2082 1231 2148 Macedones,
1275 2084 1600 2139 millesimus
1641 2096 1797 2138 sexa-

224 2173 464 2243 gesimus
490 2174 703 2229 tertius.
732 2192 750 2226 ι
788 2172 910 2228 Fuit
938 2175 1027 2229 hic
1058 2190 1234 2230 annus
1254 2174 1460 2230 Christi
1489 2174 1795 2229 communis

224 2278 346 2318 erae
367 2263 487 2326 741,
507 2280 615 2335 quo
637 2266 736 2320 fuit
755 2266 980 2320 indictio
995 2282 1075 2330 1x,
1092 2274 1203 2321 tam
1221 2264 1462 2321 Romana
1478 2281 1637 2336 quam
1655 2264 1798 2320 Con-

225 2355 733 2425 stantinopolitana,
755 2355 919 2411 Junio
940 2372 1144 2421 mense.
1172 2358 1439 2413 Detractis
1473 2359 1632 2411 annls
1656 2357 1795 2413 5508

225 2445 293 2500 de
328 2446 488 2512 6248,
514 2456 722 2502 restant
768 2448 871 2502 740
897 2463 1019 2502 aera:
1046 2447 1412 2520 Dionysianae.
1451 2448 1570 2504 Uno
1610 2449 1795 2518 itaque

226 2538 411 2593 minus
439 2552 584 2594 anno
603 2547 886 2609 computat
908 2539 1299 2610 Theophanes;
1327 2539 1473 2609 quod
1494 2546 1549 2594 et
1570 2540 1796 2594 indictio

226 2631 601 2687 demonstrat:
640 2646 767 2686 nam
801 2632 848 2687 si
881 2646 1056 2687 annos
1077 2629 1218 2684 6248
1247 2646 1344 2701 per
1371 2630 1439 2685 15
1467 2630 1792 2698 distribuas,

229 2721 458 2778 exsistet
497 2722 725 2778 indictio
754 2737 874 2777 vm.
909 2724 1072 2793 Atqui
1095 2724 1149 2777 in
1162 2739 1269 2777 arra
1290 2712 1794 2796 Constantinopoli-

228 2822 378 2877 tana,
409 2828 572 2883 quam
608 2813 926 2868 Paschalem
971 2822 1133 2868 vocat
1182 2812 1446 2885 Scaliger,
1491 2814 1794 2869 Romanam

232 2904 630 2977 Theophanes;
684 2906 877 2962 divisis
939 2905 1098 2960 annis
1147 2905 1216 2959 ab
1265 2904 1512 2970 Adamo,
1566 2920 1795 2962 currens

233 2998 461 3053 indictio
486 2997 836 3067 relinquitur.
870 2994 964 3050 Sic
997 3011 1142 3049 anno
1168 2994 1520 3049 Alexandrini
1554 2997 1796 3063 computi

229 3090 370 3144 6252
420 3105 516 3160 per
564 3089 634 3144 15
669 3088 869 3153 diviso,
904 3095 1154 3157 superest
1187 3086 1413 3141 indictio
1442 3102 1541 3152 vn,
1579 3087 1795 3141 binario

1896 616 2097 671 addere
2158 618 2316 671 annis
2367 617 2571 671 Christi
2636 617 2985 689 Dionysianis
3045 635 3222 675 annos
3277 619 3455 686 5494,

1893 707 2032 762 5508
2065 716 2119 763 et
2154 708 2314 771 5500,
2346 719 2508 778 atque
2541 723 2571 761 a
2606 709 2909 778 Septembri
2945 718 3107 779 caput
3138 710 3266 764 anni
3303 728 3459 780 repe-

1893 807 2047 852 tere:
2084 798 2233 868 quod
2273 799 2377 853 hoc
2413 801 2660 870 exemplo
2717 800 3066 871 perspicuum
3098 800 3251 857 facit.
3299 801 3457 855 Auno

1893 889 2096 946 Christi
2131 890 2291 957 1596,
2323 892 2489 962 coapit
2519 893 2584 946 ab
2617 890 2919 962 Septembri
2962 892 3274 948 Graecorum
3307 907 3461 949 more

1894 996 2072 1039 annus
2120 984 2298 1038 1597:
2337 984 2475 1038 adde
2522 999 2702 1039 annos
2746 983 2920 1049 5500,
2976 981 3206 1039 habebis
3252 999 3456 1038 annum

1896 1074 2034 1129 7097
2079 1089 2200 1130 απαξ
2246 1075 2566 1142 orientalis;
2625 1076 2764 1130 adde
2800 1075 2963 1141 5508,
3006 1074 3095 1130 ﬁet
3126 1091 3301 1131 annus
3338 1090 3461 1130 aera:

1892 1163 2180 1220 Paschalis
2210 1166 2382 1233 7l05;
2418 1166 2558 1221 adde
2589 1166 2758 1231 5494,
2795 1166 2898 1220 erit
2939 1181 3114 1221 annus
3143 1182 3264 1221 aera:
3304 1167 3462 1220 luna-

1895 1257 1971 1312 ris
2003 1256 2162 1313 7091.
2195 1256 2396 1313 Verum
2432 1260 2488 1312 in
2533 1258 2638 1312 hoc
2668 1265 2946 1327 postremo
2996 1258 3175 1313 lunari
3205 1266 3463 1327 computo

1895 1348 2006 1401 duo
2040 1347 2285 1403 subtrahi
2326 1355 2587 1417 perpetua
2634 1346 2893 1400 methodo
2917 1345 3094 1414 jubet,
3139 1354 3198 1399 ut
3232 1347 3461 1416 proinde

1897 1440 2118 1495 nonnisi
2147 1439 2286 1494 7089
2318 1454 2495 1495 annus
2549 1439 2641 1494 ille
2690 1447 2929 1509 putetur.
2985 1438 3142 1503 Haec,
3196 1439 3458 1507 inquam,

1895 1531 2081 1585 cautio
2108 1529 2407 1586 falsissima
2433 1537 2540 1594 est,
2570 1536 2631 1585 ut
2659 1544 2725 1585 ea
2745 1530 3124 1585 demonstrant
3153 1545 3275 1599 quae
3301 1544 3462 1597 supe-

1895 1621 2139 1676 rioribus
2169 1622 2442 1692 capitibus
2471 1622 2703 1692 exposui
2727 1623 2795 1677 de
2817 1622 2995 1677 tribus
3021 1622 3144 1677 istis
3166 1620 3455 1690 computis.

1894 1708 2030 1763 Nam
2081 1710 2203 1765 dua:
2244 1727 2307 1766 ex
2359 1712 2479 1778 his,
2536 1712 2745 1766 lunaris
2793 1720 2848 1767 et
2897 1712 3216 1775 orientalis,
3257 1725 3459 1764 annum

1897 1803 2205 1857 communis
2236 1802 2456 1866 natalis,
2482 1817 2547 1856 ac
2571 1802 2888 1874 Dionysiani
2918 1802 3161 1872 praebent
3187 1801 3456 1862 eumdem,

1897 1893 1992 1963 qui
2021 1900 2105 1948 est
2147 1893 2287 1948 5495
2316 1895 2493 1949 iniens
2523 1910 2552 1947 a
2588 1894 2917 1965 Septembri.
2954 1892 3243 1957 Maximus,
3287 1891 3458 1947 Geor—

1898 1983 2047 2053 gius,
2104 1997 2169 2036 ac
2205 1981 2566 2053 Theophanes
2605 1999 2715 2038 tera
2757 1984 2841 2039 usi
2877 1992 3028 2051 sunt,
3075 1998 3237 2054 quam
3277 1983 3461 2037 orien-

1901 2075 2062 2129 talem
2084 2064 2254 2129 vocat
2278 2071 2543 2145 Scaliger.
2569 2074 2684 2130 Hoc
2713 2086 2866 2130 extra
2895 2075 3324 2131 controversiam
3352 2086 3457 2130 est.

1895 2163 2032 2218 Nam
2065 2164 2347 2220 Christum
2398 2172 2652 2220 asserunt
2681 2164 3050 2228 incarnatum,
3094 2172 3150 2220 et
3179 2164 3234 2219 in
3282 2164 3461 2219 lucem

1896 2255 2105 2310 editum
2139 2270 2286 2310 anno
2310 2258 2552 2327 computi
2601 2257 2687 2312 s'ui
2719 2256 2880 2311 5501.
2927 2256 3094 2326 Igitur
3132 2271 3310 2311 annus
3341 2269 3462 2309 aera).

1896 2343 2394 2418 Dionysianae641,
2432 2362 2541 2418 quo
2571 2346 2807 2405 Heraclii
2831 2363 3008 2403 annus
3047 2363 3172 2401 xxx:
3212 2344 3462 2401 Paschali

1898 2452 2086 2494 mense
2129 2441 2405 2506 currebat,
2440 2442 2749 2511 computari
2798 2441 2869 2495 ab
2910 2441 3020 2496 illis
3069 2441 3256 2495 debuit
3289 2439 3458 2506 6141,

1898 2534 2098 2591 additis
2130 2535 2271 2591 5500
2312 2537 2381 2591 ad
2429 2536 2554 2591 641.
2609 2538 2775 2608 Atqui
2800 2553 2921 2592 eum
2980 2539 3157 2609 ipsum
3211 2544 3461 2594 statuunt

1903 2638 2107 2678 annum
2164 2626 2352 2680 mundi
2387 2626 2556 2691 6155,
2593 2633 2798 2698 quotus
2832 2637 2917 2683 est
2969 2629 3022 2682 in
3075 2629 3258 2683 lunari
3311 2644 3465 2684 com-

1902 2725 2066 2786 puto;
2105 2716 2152 2773 si
2182 2717 2250 2772 ad
2280 2720 2454 2775 annos
2488 2719 2583 2774 641
2624 2718 2895 2791 adjungas
2927 2720 3102 2784 5492,
3138 2721 3216 2774 uti
3253 2723 3467 2776 metho-

1902 2807 2010 2865 dus
2053 2809 2371 2882 exigit..Sic
2420 2826 2623 2866 annum
2666 2813 2903 2883 primum
2933 2811 3185 2878 Heraclii,
3217 2813 3310 2882 qui
3344 2813 3468 2868 iniit

1898 2898 2125 2956 Octobri
2157 2904 2287 2958 anni
2335 2902 2541 2960 Christi
2585 2905 2690 2958 6ιο
2724 2904 3006 2960 numerari
3037 2907 3278 2975 oportuit
3323 2907 3465 2961 6110

1898 2994 2180 3052 orientalis
2221 3012 2377 3061 mm,
2436 3006 2491 3052 at
2543 2997 2721 3053 solum
2761 2997 2901 3052 6102
2949 3004 3176 3068 putatur
3216 3013 3245 3052 a
3288 2997 3467 3055 Theo-

1898 3085 2106 3156 phane;
2143 3095 2347 3158 quotus
2392 3096 2476 3145 est
2518 3090 2571 3143 in
2602 3104 2696 3157 ea,
2726 3104 2891 3160 quam
2930 3088 3179 3145 lunarem
3225 3089 3466 3162 Scaliger

228 3181 477 3235 Romana
515 3179 715 3246 minor,
748 3193 871 3233 cum
904 3180 1115 3233 unitate
1156 3173 1370 3232 tantum
1407 3178 1658 3248 superari
1700 3179 1796 3232 de-
1825 3199 1871 3260 ρ
1902 3177 2158 3246 appellat.

230 3274 376 3329 beat.
400 3272 532 3326 Item
556 3271 624 3326 de
648 3269 789 3324 6252
812 3268 1075 3325 detractis
1094 3270 1255 3333 5492,
1289 3269 1495 3325 residui
1521 3277 1651 3325 sunt
1674 3270 1796 3336 740,

230 3379 355 3419 cum
392 3363 484 3417 741
525 3362 767 3433 reliquos
815 3376 941 3417 esse
992 3369 1262 3431 Oporteat.
1323 3360 1569 3432 Denique
1621 3378 1800 3419 annus

231 3455 467 3525 Philippi
494 3469 591 3524 per
610 3454 755 3508 idem
777 3460 996 3522 tempus
1019 3453 1306 3508 labebatur
1324 3453 1484 3519 1064,
1503 3471 1613 3509 non
1636 3455 1796 3511 1065.

231 3545 420 3617 Itaque
449 3543 622 3601 falsus
673 3553 758 3599 est
793 3543 1154 3614 Theophanes
1176 3583 1192 3607 ,
1233 3552 1288 3599 et
1320 3546 1672 3601 scribendum
1722 3548 1799 3602 illi

234 3634 358 3700 fuit,
386 3645 606 3690 mortuo
635 3632 817 3689 Leone
841 3634 1183 3691 successisse
1203 3633 1627 3691 Constantinum
1655 3652 1802 3693 anno

234 3723 537 3779 secundum
586 3724 864 3780 Romanos
919 3722 1094 3792 6249,
1151 3723 1523 3780 Alexandrino
1555 3724 1714 3792 6255,
1770 3744 1802 3781 a

232 3815 486 3888 Philippo
514 3815 674 3873 1064.

824 3928 1054 3986 CAPUT
1110 3928 1202 3986 Vl.

235 4023 592 4095 Confutantur
620 4041 695 4095 ea;
720 4041 842 4095 qua:
873 4025 938 4078 de
969 4022 1166 4079 ercis
1208 4023 1465 4092 computis
1517 4023 1800 4093 explicavit

304 4093 541 4166 scaliger
567 4096 623 4149 in
658 4093 746 4149 Vll
772 4096 843 4166 De
868 4095 1246 4166 emendatione
1277 4103 1580 4166 temporum
1608 4095 1797 4149 iidem-

303 4182 401 4236 que
438 4163 601 4221 uariis
633 4164 883 4235 exemptis
911 4165 1231 4219 illustriores
1253 4163 1568 4222 redduntur.

302 4274 463 4331 Nunc
492 4275 562 4331 ad
591 4272 917 4330 excutienda
957 4274 1051 4328 illa
1081 4274 1368 4330 veniamus
1405 4289 1527 4345 quae
1554 4274 1623 4331 de
1651 4274 1803 4330 Gm-

236 4366 319 4421 cis
353 4366 489 4423 iisce
527 4367 802 4438 computis
830 4364 1105 4436 Josephus
1149 4364 1394 4437 Scaliger
1432 4367 1489 4422 in
1533 4382 1697 4438 opere
1724 4367 1805 4422 De

235 4458 596 4513 emendatione
642 4467 934 4529 temporum
982 4458 1163 4514 attulit
1206 4459 1298 4528 (p.
1345 4458 1451 4514 749
1493 4460 1625 4515 edit;
1677 4476 1805 4530 pos-

1970 3265 2241 3323 Praeterea
2269 3267 2533 3340 Georgius
2573 3284 2638 3325 ac
2675 3269 3052 3341 Theophanes,
3071 3278 3131 3325 ut
3160 3285 3327 3341 supra
3354 3285 3469 3326 me-

1900 3359 2182 3425 minimus,
2199 3376 2361 3415 azram
2384 3362 2703 3416 orientalem
2728 3360 2991 3434 Scaligeri
3014 3363 3298 3418 nominant
3326 3362 3470 3418 κατὰ

1898 3452 2263 3522 Αἰγυπτίους,
2328 3454 2443 3510 sive
2495 3453 2884 3526 Ἀλεξανδρεῖς,
2941 3452 3261 3510 Paschalem
3301 3471 3467 3519 vero,

1901 3542 2045 3595 κατὰ
2077 3542 2397 3612 Ῥωμαίους.
2435 3540 2671 3613 Insignis
2698 3552 2782 3598 est
2809 3557 2874 3598 ea
2906 3544 2974 3600 de
3022 3559 3083 3599 re
3112 3543 3471 3613 Theophanis

1902 3633 2079 3696 locus,
2121 3650 2281 3703 quem
2305 3633 2484 3705 capite
2507 3634 2777 3704 superiori
2808 3634 3119 3702 retulimus,
3141 3634 3235 3691 ubi
3264 3651 3470 3690 annum

1902 3722 2149 3789 Christi,
2222 3728 2315 3795 qui
2372 3726 2735 3796 respondebat
2778 3742 2907 3781 xxiv
2963 3725 3163 3782 Leonis
3218 3726 3468 3792 Isaurici,

1902 3825 2129 3889 eratque
2161 3818 2287 3882 740,
2321 3818 2399 3873 ait
2432 3819 2737 3874 secundum
2766 3819 3065 3888 Romanos,
3096 3821 3151 3876 id
3175 3829 3259 3877 est
3288 3823 3343 3877 iu
3369 3821 3474 3876 Pa-

1904 3908 2098 3974 schali,
2126 3916 2185 3963 ut
2211 3908 2456 3980 Scaliger
2477 3925 2600 3965 eam
2627 3919 2807 3978 vocat,
2835 3927 2945 3967 aera
2974 3928 3097 3969 esse
3122 3912 3296 3981 6248;
3330 3914 3475 3968 κατὰ

1917 3998 2286 4071 Ἀλεξανδρεῖς
2320 4000 2485 4059 6252.
2529 4001 2788 4060 Deductis
2820 4003 2982 4059 annis
3012 4004 3177 4073 5508,
3213 4005 3281 4061 de
3311 4005 3471 4070 6248,

1904 4098 2074 4147 restat
2124 4107 2302 4147 annus
2330 4091 2475 4157 740;
2512 4091 2580 4149 de
2607 4093 2748 4150 6252
2777 4102 2958 4151 autem
2989 4096 3275 4152 subductis
3310 4097 3471 4161 5500,

1903 4189 1965 4236 ιιι
1996 4182 2136 4238 solet
2167 4181 2550 4254 Theophanes,
2587 4185 2835 4255 reliquus
2865 4196 2949 4240 est
2979 4194 3157 4241 annus
3189 4186 3256 4240 ab
3287 4188 3475 4241 lncar-

1903 4272 2125 4329 natione
2173 4272 2309 4338 752,
2341 4280 2467 4328 octo
2521 4275 2682 4329 annis
2729 4274 2910 4329 minor
2942 4289 3050 4329 tera
3098 4273 3426 4344 Dionysiana
3458 4316 3473 4340 ,

1905 4363 1986 4419 uti
2019 4371 2451 4419 consentaneum
2493 4373 2617 4420 est:
2656 4365 2854 4422 ablatis
2883 4373 3063 4421 autem
3111 4368 3270 4422 annis
3313 4367 3475 4431 5492,

1904 4455 2164 4512 residuus
2214 4462 2303 4510 est
2355 4470 2536 4513 annus
2586 4457 2984 4513 lncarnationis
3025 4457 3299 4512 Panodori
3351 4458 3476 4512 710.

235 4550 469 4621 tremaa),
514 4564 654 4621 quae,
710 4557 770 4604 ut
804 4550 1054 4605 universe
1086 4549 1289 4615 dicam,
1330 4551 1600 4621 ejusmodi
1640 4560 1800 4619 sunt;
1835 4548 1880 4603 D
1906 4551 2146 4622 Apparet
2187 4564 2321 4621 ergo
2349 4560 2667 4620 computum
2712 4557 3025 4620 utrumque,
3056 4564 3290 4620 quorum
3344 4551 3479 4605 alte-

237 4650 299 4698 ut
330 4643 551 4698 illorum
602 4640 848 4698 scientia:
894 4639 1144 4696 funditus
1173 4649 1450 4709 expertem
1500 4654 1565 4696 ac
1609 4640 1802 4696 rudem

240 4733 516 4788 hominem
569 4730 740 4787 fuisse
764 4729 1163 4785 demonstrent.
1205 4728 1315 4785 Nec
1338 4744 1403 4784 ea
1442 4729 1605 4784 modo
1641 4729 1807 4800 repli-

239 4825 509 4892 cabimus,
528 4839 652 4896 quae
665 4823 734 4879 ab
748 4823 867 4893 ipso
892 4824 947 4877 in
968 4820 1012 4875 ν
1032 4820 1107 4876 De
1128 4823 1492 4877 emendatione
1517 4832 1807 4892 temporum

239 4918 515 4987 disputata
551 4915 826 4986 capitibus
870 4915 1125 4978 duobus,
1174 4914 1234 4969 in
1267 4929 1415 4969 nono
1447 4914 1526 4969 De
1563 4915 1810 4968 doctrina

243 5018 532 5077 temporum
577 5007 760 5076 capite
807 5003 852 5057 ν
902 5003 1331 5060 confutavimus.
1368 5003 1469 5059 Hic
1526 5018 1593 5059 ea
1630 5004 1809 5059 solum

242 5099 555 5171 attingenda
581 5105 734 5175 sunt,
753 5110 874 5167 quae
893 5095 962 5150 ad
983 5103 1303 5167 computum
1324 5095 1547 5151 Maximi
1577 5096 1811 5167 septimo

241 5190 300 5246 in
332 5191 473 5246 libro
508 5189 808 5255 disseruit;
838 5202 961 5257 qua:
996 5187 1054 5241 in
1102 5187 1250 5242 hunc
1299 5188 1505 5254 locum,
1558 5198 1613 5243 et
1643 5187 1809 5258 hujus

240 5282 536 5339 editionem
557 5279 814 5350 Computi
842 5287 1122 5334 reservata
1152 5278 1390 5335 fuerant.

310 5373 389 5428 Ex
416 5374 505 5428 his
528 5372 764 5443 primum
798 5369 929 5425 illud
968 5371 1313 5440 apertissime
1340 5369 1539 5427 falsum
1573 5382 1659 5426 est
1697 5378 1812 5426 tres

243 5466 378 5521 istos
411 5474 699 5535 computos
728 5462 812 5520 sic
836 5462 1060 5527 habere,
1093 5470 1153 5517 ut
1180 5463 1420 5519 natalem
1453 5455 1659 5522 Christi
1685 5462 1814 5519 Dio-

243 5557 535 5628 nysianum
583 5556 857 5621 habeant,
911 5556 1198 5611 orientalis
1251 5556 1620 5633 quidemain
1667 5572 1813 5612 anno

1908 4657 2031 4696 rum
2065 4642 2338 4706 lunarem,
2387 4641 2707 4696 orientalem
2740 4642 2974 4695 alterum
3014 4641 3316 4696 nominavit
3344 4642 3480 4697 Sca-

1909 4733 2079 4803 liger,
2135 4732 2205 4787 ab
2253 4732 2465 4786 Adamo
2516 4747 2739 4803 parem,
2796 4740 2852 4788 et
2898 4734 3149 4788 eumdem
3207 4747 3482 4788 annorum

1909 4841 2203 4881 numerum
2236 4825 2514 4897 colligere.
2550 4826 2629 4881 Ac
2659 4826 2705 4881 si
2748 4841 2876 4881 vera
2923 4832 3073 4881 esset
3107 4824 3482 4896 Scaligeriana

1910 4916 2224 4986 methodus,
2253 4925 2309 4974 et
2358 4917 2427 4973 ad
2456 4933 2660 4973 annum
2693 4933 2816 4973 serae
2851 4916 3201 4989 Dionysianaa
3245 4919 3484 4973 addendi

1913 5011 2096 5065 forent
2124 5011 2289 5077 5500,
2322 5018 2383 5065 ιιι
2432 5025 2903 5082 consequeremur
2946 5026 3154 5066 annum
3198 5012 3485 5067 orientalis

1912 5103 2178 5172 computi,
2207 5102 2324 5159 sive
2348 5102 2492 5158 κατά
2515 5100 2906 5176 Ἀλεξανδρεῖζς,
2936 5120 3047 5160 non
3077 5105 3269 5176 utique
3292 5105 3485 5161 mundi

1912 5192 2075 5259 6252,
2101 5194 2197 5249 sed
2235 5193 2379 5249 6240
2409 5195 2687 5251 numerari
2715 5197 2956 5266 oportuit
2981 5210 3184 5251 annum
3218 5197 3340 5253 740.

1983 5284 2255 5342 Praeterea
2293 5286 2432 5342 falso
2454 5295 2509 5343 et
2557 5287 2691 5343 illud
2724 5302 2755 5342 a
2794 5285 3076 5360 Scaligero
3107 5289 3373 5361 scriptum
3401 5296 3484 5346 est

1914 5391 2103 5436 atram.
2138 5393 2303 5449 quam
2327 5379 2564 5450 appellat
2598 5380 2871 5446 lunarem,
2904 5394 3050 5436 anno
3081 5381 3221 5437 5495
3246 5381 3484 5436 natalem

1913 5468 2172 5524 exhibere
2194 5468 2438 5525 Christi:
2464 5470 2559 5525 sed
2591 5470 2659 5524 ad
2683 5470 2999 5526 methodum
3022 5471 3297 5526 decurtari
3326 5472 3486 5526 annis

1913 5559 1949 5613 2
1974 5578 1988 5616 :
2021 5560 2169 5630 quod
2198 5570 2564 5616 commentum
2598 5562 2791 5631 ἄλογον
2825 5571 2909 5618 est
2933 5571 2987 5619 et
3016 5561 3330 5617 ridiculum.
3350 5561 3484 5616 Nam

244 5646 660 5711 5501,1unaris
713 5650 771 5702 in
816 5662 962 5702 anno
1014 5647 1187 5711 5495,
1238 5647 1526 5703 Paschalis
1578 5650 1632 5703 in
1667 5664 1818 5704 anno
1917 5666 2096 5723 neque
2160 5653 2409 5718 ratione.
2467 5669 2647 5724 neque
2700 5654 3027 5709 auctoritate
3073 5653 3316 5706 nititur:
3375 5653 3489 5707 imo

241 5737 402 5792 5509.
441 5739 542 5809 (Ita
574 5742 719 5794 enim
751 5740 935 5792 vocari
966 5746 1252 5794 tres-teras
1291 5739 1415 5795 illas
1441 5754 1471 5793 a
1510 5738 1811 5811 Scaligero,

242 5829 368 5886 libri
417 5830 584 5901 hujus
643 5829 799 5886 initio
850 5831 1224 5902 monuimus.)
1267 5831 1419 5888 Unde
1470 5833 1540 5887 ad
1606 5849 1810 5888 annum

1919 5750 2150 5813 utraque
2213 5744 2582 5800 convincitur.
2648 5743 2930 5815 Siquidem
2991 5744 3235 5814 computi
3296 5753 3482 5798 auctor

1920 5836 2104 5904 istius,
2140 5843 2200 5891 ut
2242 5835 2461 5906 quidem
2496 5847 2742 5907 apparet,
2796 5834 2897 5891 fuit
2936 5835 3287 5893 Panodorus.
3325 5836 3395 5889 At
3439 5835 3489 5890 is
