4022 6398
543 393 559 446 Ι
572 393 678 448 425

1531 385 1620 440 AD
1662 385 1925 438 EUSEBH
1964 383 2360 440 CIIRONICON
2395 379 2758 436 APPENDIX.

3665 377 3692 429 Ι
3710 375 3819 430 424

543 523 681 561 anno
715 505 853 560 5495
884 502 1320 558 lncarnationem
1361 499 1636 559 attribuit.
1678 507 1818 554 teste
1851 498 2104 568 Georgio.
2138 503 2182 557 Α
2214 498 2363 558 facit,
2400 497 2664 552 detractis
2707 495 2774 549 de
2806 509 2950 548 anno
2995 494 3179 547 mundi
3209 493 3386 548 5494:
3421 492 3709 546 nimirum
3760 493 3817 544 in

543 601 679 654 Tum
712 600 988 670 cyclorum
1038 605 1091 648 et
1133 594 1493 647 indictionum
1551 591 1798 645 calculus
1841 589 2109 644 hactenus

544 695 843 764 explicatus
876 708 905 743 a
934 689 1092 744 nobis
1123 687 1372 741 eumdem
1398 685 1622 738 damnat
1657 697 1918 738 errorem.

619 787 769 840 Unus
803 783 870 836 ab
908 782 1000 835 illo
1038 781 1240 834 citatur
1270 779 1453 832 fautor
1496 776 1662 845 hujus
1707 774 1982 845 opinionis
2009 773 2110 826 Ce-

546 875 788 928 drenus:
827 849 1098 941 quem'ait
1126 883 1289 922 teram
1324 868 1472 920 illam
1509 863 1686 934 sequi,
1720 879 1840 931 qua:
1877 860 2110 913 natalem

545 967 748 1023 Christi
801 963 1078 1032 componit
1122 976 1245 1015 cum
1296 975 1441 1014 anno
1511 957 1700 1011 mundi
1749 953 1932 1016 5495;
1991 952 2111 1005 ideo

547 1068 808 1129 perpetua
847 1056 1102 1112 methodo
1149 1058 1214 1109 de
1269 1054 1418 1106 illius
1449 1067 1558 1105 δτι-ει
1586 1047 1951 1119 ίάρόυοοιιόοε
1992 1060 2114 1099 esse

549 1152 705 1206 5494.
731 1149 846 1205 Etsi
874 1149 1044 1203 futilis
1071 1155 1156 1202 est
1187 1155 1384 1199 auctor
1406 1145 1526 1206 iste,
1564 1156 1666 1196 nec
1703 1140 1770 1193 ad
1804 1136 2113 1192 uniusmodi

549 1252 863 1314 computum
899 1238 1258 1302 adhaerescit;
1292 1244 1474 1290 tamen
1517 1249 1584 1288 ne
1635 1232 1687 1285 id
1730 1231 1949 1300 quidem
1991 1242 2115 1280 vere

549 1337 616 1391 de
662 1350 728 1389 eo
776 1330 1095 1403 praedicavit
1145 1328 1403 1398 .Scaliger
1450 1330 1602 1396 (pag.
1642 1321 1822 1391 565),
1879 1319 2113 1373 natalem

549 1440 890 1479 communem
928 1423 982 1476 in
1015 1421 1187 1492 ipsius
1220 1434 1327 1473 cera
1364 1433 1506 1471 anno
1539 1415 1827 1470 convenire
1853 1411 2011 1466 5495.

625 1516 866 1569 Primum
897 1513 1100 1568 diserte
1156 1512 1244 1565 hic
1285 1511 1443 1581 (pag.
1477 1508 1621 1570 144)
1659 1504 1896 1558 affirmat
1939 1517 1998 1556 se
2049 1499 2116 1553 ad

553 1622 726 1662 annos
776 1606 1172 1660 lnearnationis
1221 1612 1412 1673 putare
1464 1600 1641 1658 5506,
1671 1605 1726 1650 et
1788 1594 1951 1665 paulo
1994 1599 2118 1644 ante

555 1699 746 1754 scribit
779 1711 983 1750 annum
1013 1695 1214 1749 Tiberii
1240 1710 1307 1746 xv
1337 1707 1460 1746 esse
1503 1687 1694 1744 mundi
1735 1686 1894 1741 5556.
1926 1685 2118 1737 Annus

555 1808 624 1845 xv
657 1789 867 1844 Tiberii
916 1798 1000 1842 est
1033 1803 1154 1843 aera:
1199 1783 1506 1841 communis
1553 1797 1702 1834 xxix.
1742 1778 1906 1833 Deme
1945 1789 2119 1830 annos

557 1881 695 1936 5494
721 1881 789 1935 de
812 1879 974 1942 5556,
1008 1889 1066 1931 ιιι
1109 1877 1350 1947 praecipit
1389 1873 1660 1943 Scaliger,
1693 1870 1901 1925 orietur
1940 1883 2118 1921 annus

559 1989 666 2026 xui
698 1987 821 2026 aera:
850 1969 1204 2033 Christianas;
1229 1965 1542 2021 tricesimus
1570 1971 1749 2017 autem
1788 1960 2038 2026 exsistet,
2074 1957 2121 2013 si

559 2063 698 2117 5506
729 2061 975 2116 auferas.

629 2153 710 2207 Ad
771 2153 886 2207 lucc
932 2152 1117 2205 urbem
1166 2144 1829 2216 Constantinopolitanam
1883 2138 2124 2196 exaediﬁ-

558 2254 736 2299 catam
761 2244 928 2298 refert
953 2241 1174 2296 indiCtio
1205 2255 1264 2292 ιιι
1310 2253 1453 2292 anno
1483 2236 1670 2290 mundi
1699 2233 1837 2288 5858
1873 2231 1949 2303 (p.
1972 2231 2121 2300 255),

561 2338 686 2392 Maii
726 2353 816 2400 xi,
866 2335 999 2390 feria
1044 2350 1104 2387 ιι.
1160 2332 1285 2387 Fuit
1323 2345 1454 2399 ergo
1503 2330 1683 2384 littera
1716 2326 1780 2390 D,
1845 2333 1899 2380 et
1949 2338 2124 2377 annus

558 2427 760 2483 Christi
781 2440 1006 2481 cccxxx.
1025 2423 1081 2478 Si
1110 2423 1176 2477 de
1206 2421 1346 2475 5858
1375 2420 1583 2474 adimas
1613 2417 1754 2474 5494
1777 2459 1794 2485 ,
1825 2415 1914 2471 fiet
1947 2429 2125 2468 annus

560 2519 764 2574 Christi
798 2533 1038 2571 cccxuv.
1078 2513 1245 2568 Vides
1280 2510 1616 2578 ἀλογιστίαν.

631 2611 842 2664 ltursus
871 2608 1012 2662 idem
1043 2605 1328 2661 Cedrenus
1359 2604 1435 2656 ait
1472 2604 1627 2672 (pag.
1656 2599 1789 2669 269)
1814 2597 2126 2654 Nectarium

563 2701 1221 2771 Constantinopolitanam
1291 2697 1533 2751 tenuisse
1605 2693 1921 2748 cathedram
1982 2704 2127 2744 anno

564 2793 752 2848 mundi
780 2792 939 2857 5888,
971 2787 1371 2845 lnearnationis
1407 2786 1532 2840 594.
1578 2784 1768 2839 Annus
1799 2797 1909 2853 quo
1939 2781 2129 2837 sedere

562 2885 730 2954 carpit
777 2881 1084 2943 Nectarius,
1114 2887 1197 2934 est
1224 2879 1278 2932 in
1310 2893 1416 2931 tera
1448 2875 1776 2946 Dionysiana
1809 2873 1943 2938 58f;
1983 2885 2132 2925 mor-

564 2983 694 3029 tuus
719 2982 804 3028 est
833 2981 1013 3026 autem
1045 2969 1170 3024 598.
1223 2967 1481 3024 Deductis
1523 2967 1681 3022 annis
1713 2964 1853 3020 5494
1890 2967 1957 3018 de
1991 2962 2130 3017 5888

563 3064 757 3134 reliqui
796 3057 923 3118 sunt
978 3061 1104 3116 594.
1141 3061 1337 3114 Verum
1388 3074 1497 3113 non
1547 3058 1634 3111 ille
1681 3071 1857 3110 annus
1881 3062 1974 3119 _est
2007 3069 2130 3108 ωιτη

563 3155 904 3226 Dionysianac
953 3172 964 3206 :
1002 3152 1160 3221 cujus
1190 3150 1258 3204 ad
1303 3149 1613 3205 methodum
1653 3147 1976 3203 auferendos
2006 3160 2130 3201 esse
2155 3178 2204 3242 ο

563 3246 724 3301 scivit
757 3259 932 3298 annos
966 3243 1128 3298 5494.

634 3334 842 3400 Quarto
876 3334 1140 3404 synodum
1178 3331 1508 3401 Ephesinam
1553 3331 1784 3400 primam
1824 3327 2039 3384 confert
2073 3328 2128 3382 in

565 3440 766 3480 annum
809 3425 950 3479 59l5
988 3425 1146 3495 (pag.
1174 3424 1338 3492 276).
1379 3421 1564 3476 Deduc
1609 3435 1782 3475 annos
1832 3420 1990 3484 5494,
2040 3419 2132 3474 fiet

565 3533 742 3573 annus
771 3517 974 3573 Christi
995 3517 1118 3571 421.
1151 3517 1318 3586 Atqui
1341 3524 1463 3571 erat
1493 3530 1671 3570 annus
1705 3515 1833 3568 451.

633 3609 836 3675 Quinto
887 3610 1193 3664 Romanum
1239 3609 1642 3678 imperatorem,
1675 3607 1769 3678 qui
1818 3621 1941 3661 cum
1981 3605 2127 3660 Con-

565 3703 806 3756 stantino
829 3699 1302 3770 Porphyrogeneto
1323 3698 1608 3768 imperium
1632 3698 1822 3762 tenuit,
1843 3712 1871 3750 a
1903 3695 2131 3767 Stepha-

564 3807 639 3846 no
668 3792 779 3846 filio
805 3791 860 3845 in
890 3790 1134 3846 ordinem
1155 3789 1431 3845 redactum
1458 3805 1580 3845 esse
1602 3799 1791 3844 narrat
1807 3804 1950 3843 anno
1970 3788 2129 3850 6455,

565 3884 862 3940 indictione
893 3899 955 3938 ιιι
987 3883 1064 3953 (p.
1091 3881 1250 3952 522).
1277 3881 1468 3937 Annus
1496 3890 1615 3935 erat
1644 3880 1850 3936 Christi
1873 3880 1997 3943 944,
2025 3894 2137 3949 quo

567 3973 794 4028 indictio
828 3989 884 4027 ιιι
911 3973 1023 4042 jam
1050 3975 1414 4042 usurpabatur
1436 3971 1750 4027 Decembris
1771 3987 1880 4037 xu,
1907 3971 2131 4041 quando

567 4065 700 4120 illud
729 4065 946 4119 accidit.
963 4063 1080 4118 Jam
1104 4066 1150 4118 si
1185 4065 1253 4118 ab
1276 4065 1434 4120 annis
1453 4064 1594 4119 6455
1615 4063 1833 4118 auferas
1863 4063 2028 4130 5494,
2050 4079 2135 4116 re-

566 4156 841 4225 linquetur
864 4170 1040 4209 annus
1067 4155 1268 4210 Christi
1298 4155 1422 4210 959.
1440 4153 1736 4208 Subductis
1760 4161 1942 4207 autem
1973 4153 2133 4208 annis

568 4247 728 4312 5508,
749 4247 961 4303 exsistit
993 4262 1171 4302 annus
1203 4247 1331 4301 944.
1357 4245 1538 4312 Quare
1573 4262 1680 4300 non
1723 4247 1998 4314 lunarem,
2033 4245 2135 4300 sed

567 4339 882 4394 l’aschalem
918 4345 1233 4407 computum
1267 4337 1441 4391 tenuit
1473 4337 1575 4390 hoc
1607 4337 1730 4390 loco
1761 4336 2060 4391 Cedrenus.

639 4429 808 4488 Sexto
834 4431 1297 4501 TheOpbylactum
1322 4430 1688 4500 patriarcham
1712 4429 1917 4482 obiisse
1937 4428 2130 4484 scribit

571 4524 715 4595 (pag.
733 4522 859 4592 526)
875 4537 1018 4576 anno
1035 4521 1194 4586 6464,
1214 4522 1510 4578 indictione
1527 4538 1636 4586 xiv,
1661 4521 1938 4576 Februarii
1959 4537 2128 4575 xxvn.
2161 4539 2214 4598 υ

571 4614 669 4668 llic
697 4627 873 4668 annus
905 4622 989 4669 est
1007 4629 1128 4668 acra:
1158 4615 1462 4669 communis
1485 4614 1610 4675 956,
1636 4614 1834 4683 quibus
1862 4613 2130 4667 detractis

571 4708 636 4759 de
655 4705 793 4758 6464
821 4706 1004 4770 annis,
1027 4713 1236 4760 restant
1258 4705 1418 4762 5508.
1443 4705 1683 4760 Proinde
1711 4706 1875 4759 etiam
1905 4706 1995 4759 hic
2025 4720 2136 4760 tera

569 4794 820 4850 Paschali
855 4796 1134 4852 Cedrenus
1169 4797 1365 4850 utitur.

640 4885 884 4955 Denique
922 4888 1156 4956 scriptor
1184 4887 1327 4940 idem
1353 4886 1611 4958 deinceps
1651 4885 1719 4940 ad
1754 4886 1916 4941 finem
1945 4886 2134 4956 operis

567 4979 934 5048 computo-illo
961 4980 1154 5044 utitur,
1187 4979 1280 5048 qui
1297 4979 1362 5034 ad
1385 4994 1547 5033 teram
1579 4980 1944 5036 Christianam
1969 4994 2136 5050 appo-

569 5072 648 5124 nit
674 5086 846 5124 annos
869 5071 1029 5136 5508,
1059 5078 1117 5125 ut
1151 5086 1218 5125 ex
1249 5071 1543 5126 indictione
1569 5073 1735 5140 liquet
1761 5092 1774 5126 :
1812 5073 1959 5125 velut
1988 5088 2135 5126 anno

569 5161 758 5213 tuundi
789 5159 947 5223 6468,
975 5159 1132 5224 6471,
1171 5160 1328 5225 6497,
1375 5160 1538 5226 6508,
1567 5161 1726 5224 6518,
1767 5161 1929 5226 6524,
1967 5161 2130 5226 6526,

569 5252 728 5316 6527,
759 5262 812 5307 et
846 5253 926 5307 sic
952 5251 1006 5305 in
1033 5253 1276 5322 reliquis.
1311 5252 1444 5318 Quae
1469 5262 1647 5323 potest
1673 5255 1839 5324 igitur
1873 5270 1971 5324 par
2008 5254 2135 5309 huic

568 5359 691 5398 esse
718 5343 1020 5408 temeritas,
1064 5360 1185 5414 quae
1216 5346 1507 5400 oscitantia
1560 5347 1754 5416 major,
1789 5363 1950 5417 quam
1985 5347 2134 5400 affir-

570 5450 717 5488 mare
747 5434 1051 5490 Cedrenum
1097 5437 1171 5490 ita
1212 5452 1386 5493 annos
1416 5438 1604 5491 mundi
1649 5449 1912 5508 perpetuo
1961 5455 2134 5493 com-

572 5533 812 5592 putasse,
845 5536 904 5580 ut
935 5527 1001 5580 ad
1046 5543 1206 5581 teram
1235 5529 1603 5585 Christianam
1656 5531 1915 5600 adjiceret
1942 5532 2084 5584 5494
2116 5548 2130 5595 ;

571 5635 694 5670 enm
743 5621 943 5689 ubique
989 5620 1098 5675 fere
1135 5621 1273 5676 5508
1305 5622 1605 5692 adjungat;
1637 5633 1731 5677 aut
1765 5624 1810 5677 si
1852 5624 2010 5678 aliter
2049 5625 2134 5677 i-n-

573 5707 800 5772 stituat,
839 5709 1079 5764 mendosi
1124 5711 1413 5781 perspicue
1467 5714 1679 5766 numeri
1739 5714 1890 5767 sint?
1939 5713 2092 5769 Unus
2121 5751 2137 5784 τ

573 5801 794 5869 opinor,
833 5803 983 5856 locus
1017 5812 1120 5867 est,
1163 5802 1216 5856 in
1266 5819 1374 5872 quo
1407 5819 1531 5858 cum
1586 5820 1695 5857 aera
1726 5805 1931 5876 vulgari
1978 5807 2130 5876 paria

2210 603 2274 640 eo
2310 587 2403 655 qui
2457 595 2680 656 putatur
2712 584 2873 646 6021,
2908 599 3016 652 quo
3047 582 3415 637 Justinianum
3460 581 3680 636 iniisse
3727 597 3818 634 re-

2213 678 2356 748 fert;
2397 679 2601 747 quique
2645 676 3012 746 Dionysianus
3049 676 3149 728 fuit
3183 690 3356 728 annus
3381 674 3511 727 527.
3571 674 3636 726 Si
3669 690 3820 742 pra:-

2212 779 2295 822 ter
2363 769 2466 823 hoc
2532 769 2779 837 exempla
2841 768 2947 820 alia
2999 775 3289 836 suppetant
3352 767 3593 835 (neque
3658 764 3819 817 enim

2213 862 2444 915 scrutari
2484 868 2642 912 vacat
2691 859 2935 928 omnia),
2968 874 3031 912 ea
3068 859 3222 928 longe
3269 857 3613 927 paucissima
3651 865 3819 912 sunt.

2213 969 2312 1006 nec
2341 969 2464 1006 cum
2502 969 2713 1019 eorum,
2737 967 2858 1022 quas
2887 951 3264 1022 produximus,
3299 966 3534 1004 numero
3570 964 3816 1016 compa-

2219 1046 2327 1097 rari
2362 1053 2591 1114 queunt.
2643 1045 2914 1109 Quocirca
2968 1057 3128 1098 nemo
3177 1041 3495 1096 Graecorum
3543 1050 3816 1094 veterqu

2216 1137 2283 1191 de
2311 1137 2412 1190 hac
2442 1151 2547 1190 acra
2598 1136 2856 1206 cogitavit
2905 1150 3180 1203 unquam;
3233 1150 3391 1188 nemo
3439 1133 3683 1188 biennio
3720 1132 3818 1184 de-

2215 1229 2451 1286 curtavit
2482 1249 2494 1283 :
2520 1230 2664 1299 quod
2699 1229 2946 1296 ineptum
2980 1234 3064 1280 est
3099 1241 3161 1280 ac
3192 1225 3464 1279 frivolum.

2287 1323 2344 1376 In
2367 1322 2537 1393 cyclis
2567 1338 2694 1375 vero
2729 1321 2863 1375 solis
2888 1336 2949 1372 ac
2976 1320 3138 1382 lunae,
3168 1335 3306 1388 quos
3329 1318 3610 1386 computis
3650 1316 3810 1371 Gm-

2217 1416 2296 1470 cis
2344 1413 2773 1468 accommodavit
2821 1413 2876 1465 in
2928 1409 3084 1464 Notis
3137 1413 3200 1465 ad
3252 1409 3480 1480 Eclogas
3546 1409 3807 1469 Maximi,

2217 1517 2419 1578 quanta
2450 1505 2702 1560 cmcitas!
2736 1503 2902 1574 Cyclo
2934 1503 3066 1558 solis
3089 1518 3211 1556 aera).
3252 1502 3461 1556 lunaris
3494 1501 3688 1570 primo
3727 1518 3810 1553 rc—

2218 1599 2486 1667 spondere
2524 1602 2724 1649 asserit
2765 1594 2975 1663 cyclum
3022 1593 3155 1647 solis
3180 1608 3288 1645 xvu
3331 1607 3454 1645 cera:
3479 1590 3804 1653 Paschalis,

2218 1695 2273 1741 et
2324 1685 2608 1740 orientalis
2656 1700 2860 1739 nonum
2892 1701 2905 1748 ;
2937 1699 2998 1737 ac
3029 1684 3205 1736 tribus
3247 1683 3369 1737 istis
3405 1683 3620 1736 litteras
3659 1680 3706 1732 Β
3743 1681 3804 1740 Α,

2220 1786 2279 1830 ιιι
2315 1778 2386 1832 sit
2429 1776 2711 1829 Romanus
2745 1774 2932 1844 cyclus
2958 1790 3026 1827 v:
3077 1774 3229 1843 cyi-lo
3257 1788 3386 1826 vero
3419 1772 3600 1824 lunari
3659 1787 3804 1832 aer-.2,

2223 1885 2388 1940 quam
2423 1869 2668 1922 lunarem
2691 1872 2869 1930 vocat,
2898 1865 3227 1934 respondere
3259 1864 3510 1917 similiter
3548 1862 3604 1915 in
3649 1877 3806 1916 com-

2222 1971 2352 2034 puto
2409 1961 2656 2016 Paschali
2715 1958 2928 2028 cyclum
2967 1973 3116 2019 xvn,
3153 1957 3210 2009 in
3255 1955 3508 2009 orientali
3565 1969 3810 2012 nonum,

2221 2053 2439 2126 quando
2463 2070 2553 2107 xiv
2573 2053 2854 2108 Paschalis
2877 2059 2996 2105 erat
3013 2050 3216 2120 Aprilis
3240 2066 3289 2103 ν.
3312 2047 3505 2102 Mirum
3537 2063 3670 2101 cum
3703 2053 3808 2103 ista

2222 2148 2505 2211 scriberet,
2525 2162 2632 2200 non
2663 2146 2813 2199 illum
2843 2143 3188 2198 consuluisse
3211 2139 3502 2194 Maximum
3537 2157 3737 2202 suum,
3757 2151 3808 2194 et

2223 2237 2530 2307 exemplum
2577 2237 2645 2290 ab
2699 2251 2763 2291 eo
2810 2234 3072 2304 descripti
3122 2231 3403 2287 Paschatis
3451 2233 3808 2287 animadver-

2223 2331 2398 2385 tisse:
2452 2343 2598 2383 anno
2645 2329 2838 2382 mundi
2887 2327 3056 2389 6155,
3115 2325 3329 2396 cyclum
3381 2325 3518 2378 solis
3567 2325 3811 2394 imputat

2226 2421 2496 2476 Maximus
2529 2421 2789 2490 primum,
2815 2420 3030 2490 cyclum
3059 2419 3202 2472 lunae
3222 2433 3322 2483 xv;
3362 2417 3672 2470 terminum
3705 2413 3814 2468 Pa«

2227 2513 2488 2577 schalem,
2538 2514 2653 2568 sive
2687 2528 2777 2566 xiv
2824 2512 2900 2564 ait
2949 2511 3207 2566 incidisse
3244 2509 3502 2564 Kalendis
3556 2511 3811 2578 Aprilis,

2228 2604 2360 2660 feria
2402 2605 2598 2674 prima.
2648 2602 2705 2657 Si
2741 2604 2866 2672 quis
2893 2603 3035 2656 alius
3067 2602 3408 2665 orientalem,
3431 2617 3600 2670 quem
3642 2610 3812 2655 vocat

2232 2692 2495 2765 Scaliger,
2536 2703 2851 2764 computum
2879 2693 3154 2759 adhibuit,
3199 2693 3246 2748 i—s
3289 2703 3371 2746 est
3413 2692 3667 2762 profecto
3699 2691 3814 2744 bla-

2231 2787 2432 2840 ximus.
2480 2783 2617 2838 Nam
2667 2787 2824 2840 docet
2877 2799 3023 2839 anno
3077 2783 3213 2838 5501
3275 2785 3628 2838 incarnatum
3689 2800 3813 2838 esse

2230 2878 2534 2932 Christum.
2567 2877 2736 2948 igitur
2765 2877 2920 2947 cyclo
2970 2877 3115 2932 illius
3143 2891 3265 2930 aera:
3294 2875 3470 2943 primo
3507 2875 3815 2944 respondet

2231 2985 2297 3025 ex
2327 2970 2592 3024 laterculo
2617 2969 2880 3038 Scaligeri
2909 2970 3095 3039 cyclus
3117 2969 3248 3024 solis
3267 2983 3356 3022 xxi
3379 2968 3436 3021 in
3463 2983 3576 3021 εει-τι
3604 2969 3810 3028 lunari,

2234 3069 2290 3112 ct
2318 3075 2373 3113 ix
2399 3059 2455 3113 in
2482 3059 2734 3112 Paschali
2763 3077 2777 3112 :
2825 3058 3107 3112 Romanus
3135 3073 3265 3112 vero
3294 3058 3483 3127 cyclus
3536 3073 3667 3118 xxv,
3705 3057 3813 3109 hoc

2233 3160 2316 3205 est
2330 3150 2521 3204 littera:
2540 3149 2647 3202 El).
2668 3151 2830 3220 Atqui
2849 3159 3063 3206 constat
3080 3148 3369 3204 litteramG
3390 3164 3538 3202 anno
3563 3149 3661 3201 illo
3685 3164 3812 3201 cum

2235 3257 2286 3296 vi
2323 3241 2567 3296 Romano
2609 3242 2762 3312 cyclo
2813 3241 2946 3297 solis
2968 3240 3271 3297 obtinuisse
3309 3259 3321 3295 :
3357 3239 3628 3293 nimirum
3668 3255 3816 3292 anno

2232 3332 2440 3388 Christi
2470 3348 2664 3398 iochi,
2696 3348 2805 3403 quo
2843 3333 2980 3387 feria
3017 3335 3193 3404 prima
3227 3331 3416 3386 incidit
3447 3331 3500 3384 in
3533 3329 3814 3385 Kalendas

2235 3425 2458 3496 Aprilis.
2496 3426 2631 3479 Item
2663 3441 2729 3480 ex
2781 3425 2981 3480 tabella
3033 3425 3298 3495 Sealigeri
3349 3422 3573 3478 decima
3613 3432 3812 3491 quarta

2233 3513 2514 3573 Paschalis
2541 3518 2696 3588 cyclo
2740 3518 2882 3573 luna:
2910 3535 2981 3572 xv
3011 3517 3204 3573 cadere
3246 3517 3511 3572 debuerat
3543 3517 3602 3570 in
3628 3515 3813 3570 Martii

2235 3625 2364 3674 xxx,
2399 3620 2459 3663 ut
2487 3618 2634 3666 esset
2661 3626 2865 3667 aureus
2896 3625 3158 3665 numerus
3181 3625 3276 3673 vn,
3308 3625 3436 3662 cum
3477 3618 3670 3663 tamen
3699 3623 3814 3664 cer-

2236 3707 2350 3753 tum
2383 3700 2454 3755 Sil
2507 3715 2649 3755 anno
2689 3701 2880 3756 εοὰθιιι
2936 3715 3161 3754 aureum
3206 3714 3494 3753 numerum
3525 3700 3813 3754 CXSliliSSS

2235 3805 2325 3854 xv,
2352 3800 2406 3846 et
2431 3793 2719 3846 terminum
2749 3791 3064 3847 Paschalem
3096 3791 3365 3845 Kalendas
3392 3790 3617 3861 Apriles
3644 3806 3814 3843 occu-

2236 3897 2416 3952 passe.
2451 3883 2675 3938 Possem
2723 3885 2824 3939 ista
2862 3884 3028 3938 latius
3075 3884 3362 3953 persequi,
3399 3893 3454 3937 et
3505 3884 3816 3943 inscitiam,

2235 3990 2346 4044 qua
2375 3975 2524 4029 nulla
2549 3977 2650 4031 hoc
2678 3977 2732 4030 in
2764 3985 3086 4048 argumento
3114 3977 3286 4046 major
3323 3983 3505 4046 potest
3537 3977 3815 4035 accidere,

2237 4067 2488 4137 pluribus
2539 4067 2804 4136 exemplis
2863 4066 3170 4122 traducere.
3217 4065 3324 4121 Sed
3403 4081 3473 4122 ex
3523 4069 3819 4138 superiore

2239 4158 2387 4211 omni
2416 4157 2787 4228 disputatione
2809 4173 2972 4228 quam
3001 4157 3068 4213 de
3093 4157 3365 4227 computis
3389 4157 3510 4212 istis
3533 4167 3593 4212 et
3622 4174 3816 4212 eorum

2238 4251 2382 4304 inter
2411 4266 2469 4304 se
2493 4250 2707 4305 ratione
2729 4261 3042 4305 accuratam
3076 4251 3436 4314 instituimus,
3467 4251 3602 4306 licet
3634 4253 3820 4305 cuivis

2241 4341 2321 4393 vel
2344 4341 2607 4394 mediocri
2639 4357 2742 4396 usu
2771 4340 2959 4394 talium
2992 4341 3260 4395 instructo
3287 4339 3497 4394 inﬁnite
3529 4349 3817 4411 patentem

2239 4431 2717 4487 hallucinationem
2749 4432 3101 4487 convincere.

2829 4521 3057 4586 CAPJJT
3099 4521 3214 4576 Vll.

2242 4615 2319 4670 De
2359 4615 2598 4670 met/mdo
2663 4615 2902 4685 paschali
2953 4624 3316 4685 compulerunt
3375 4613 3691 4667 ercorum
3763 4633 3824 4667 ac

2307 4688 2535 4757 primum
2568 4685 2632 4739 de
2659 4684 3087 4757 ἡμεροευρεσξῳ,
3119 4686 3222 4738 sive
3246 4685 3620 4757 investiganda
3660 4688 3820 4751 feria.

2310 4753 2656 4823 Exponuntur
2681 4753 2936 4809 elementa
2967 4754 3082 4822 ejus
3103 4753 3479 4824 inmugianuid
3521 4756 3637 4807 sint
3663 4773 3823 4824 regu-

2312 4822 2470 4888 lares,
2512 4835 2908 4896 concurrentes,
2951 4823 3266 4896 προσθεταί.
3308 4822 3600 4896 κδεαίὶῃετὶ
3656 4822 3823 4878 iri—his

2307 4912 2475 4949 error.
2504 4895 2773 4948 Maximus
2804 4906 2851 4948 et
2881 4893 3104 4948 Isadcus
3135 4895 3384 4963 expositi.

2309 4983 2593 5040 Paschalis
2652 4985 2941 5039 methodus
2972 4986 3027 5037 in
3065 4983 3174 5037 duo
3235 4983 3454 5053 fastigia
3507 4983 3822 5050 dividitur;

2241 5092 2338 5146 pro
2382 5078 2550 5148 cyclis
2596 5076 2846 5140 totidem,
2900 5077 3034 5131 solis
3091 5091 3155 5130 ac
3215 5076 3378 5129 lunas.
3435 5074 3581 5131 Pars
3641 5078 3826 5145 itaque

2240 5168 2391 5236 prior
2419 5176 2504 5223 est
2536 5169 2826 5223 character
2857 5167 2986 5232 diei,
3024 5169 3139 5223 sive
3173 5168 3330 5232 feria,
3365 5169 3514 5238 quod
3545 5170 3822 5239 ἡμεροευ-

2243 5260 2422 5330 ρέσιον
2456 5260 2724 5316 Maximus
2741 5262 2994 5331 appellat,
3033 5261 3307 5331 posterior
3339 5261 3404 5314 ad
3439 5271 3707 5329 quartam
3734 5265 3821 5317 deo

2241 5352 2438 5406 cimam
2473 5354 2815 5422 paschalem;
2854 5355 3139 5423 ipsumque
3167 5351 3378 5406 Pascha
3399 5352 3824 5414 Christianum;

2242 5450 2296 5496 et
2327 5443 2393 5497 ad
2430 5444 2591 5505 lunae,
2627 5453 2688 5497 ut
2718 5454 2938 5505 vocant.
2964 5453 3176 5499 aetatem
3215 5445 3664 5514 investigandam
3704 5463 3826 5516 per-

2242 5534 2398 5587 tinet.
2433 5533 2729 5604 Utriusque
2760 5537 2898 5588 ratio
2922 5553 2953 5589 a
2985 5537 3140 5590 nobis
3164 5535 3556 5605 explicabitur,
3597 5547 3769 5606 atque
3796 5556 3823 5589 a

2243 5625 2435 5694 priori,
2463 5643 2586 5696 qua;
2611 5628 2746 5683 solis
2769 5624 2990 5697 propria
3020 5636 3126 5692 est,
3156 5629 3437 5696 capiemus
3483 5628 3738 5682 init-ium.

2314 5716 2440 5771 Tria
2473 5730 2602 5774 sunt
2664 5718 2731 5772 ad
2782 5720 3141 5788 indagandam
3192 5718 3383 5774 feriam
3417 5720 3473 5773 in
3503 5719 3829 5775 Gnecornm

2245 5818 2501 5879 computo
2531 5810 2877 5877 necessaria;
2910 5810 3224 5883 προσθεταί,
3256 5810 3372 5866 sive
3405 5821 3624 5879 cpacta:
3676 5829 3831 5870 men-
