4022 6398
332 391 474 452 1425

1291 393 1746 451 DISSERTATIO
1787 394 1873 448 DE
1909 393 2316 451 GBECORUM
2354 395 2554 452 AERIS.

3438 399 3461 451 1
3472 398 3575 454 426

333 520 735 585 sium;epactae
765 528 1072 582 annorum;
1104 515 1220 586 eti]
1274 515 1530 579 ποσταία,
1565 516 1681 571 sive
1739 523 1904 586 quota
1935 517 1977 572 Α
2005 514 2136 568 bent
2176 513 2370 569 feriam
2416 531 2530 581 vn;
2586 512 2844 568 Kalendis
2900 519 3079 568 autem
3125 509 3327 582 Aprilis
3376 512 3574 566 eaedem

330 599 448 653 dies
478 600 701 656 mensis.
743 601 1075 674 Προσθετὰς,
1121 618 1216 659 eos
1248 619 1391 668 esse,
1425 605 1517 674 qui
1550 605 1818 676 regulares
1871 621 1901 658 a

329 690 804 758 computatoribus
848 693 1055 748 nostris
1093 702 1379 760 vocantur,
1430 694 1674 767 Scaliger
1711 697 1902 752 existi-

329 787 439 833 mat
475 780 620 852 (pag.
659 783 782 854 749)
818 805 830 837 :
865 785 921 838 in
953 801 1064 854 quo
1096 786 1252 840 valde
1315 785 1541 843 fallitur.
1596 788 1900 858 Appellatio

327 869 544 937 quidem
586 872 702 940 ipsa
731 874 1062 943 regularium
1097 879 1214 939 ταῖς
1239 877 1563 944 προσθεταῖς
1599 893 1900 934 ειοιξοηιιηο⁴

325 959 442 1012 dari
466 969 662 1030 potest,
691 964 766 1017 uti
799 980 900 1020 nos
930 967 985 1020 in
1020 966 1211 1021 Latina
1232 968 1485 1023 versione
1517 969 1896 1038 fecimus;sed

327 1051 400 1103 ita
436 1063 492 1106 ut
516 1067 624 1108 non
653 1055 872 1111 eosdem
895 1073 1017 1113 esse
1039 1057 1350 1114 Gnecorutn
1398 1063 1675 1133 regulares
1701 1077 1764 1118 ac
1791 1063 1889 1116 La-

324 1145 489 1206 tinos,
522 1144 814 1217 intelligas.
841 1147 917 1202 Ac
950 1151 1018 1204 de
1040 1152 1236 1206 horum
1274 1153 1493 1224 quidem
1525 1155 1890 1225 regularibus,

320 1240 375 1287 et
407 1239 868 1295 concurrentibus
900 1243 1113 1312 egimus
1138 1244 1233 1300 lib.
1267 1243 1338 1298 VI
1377 1245 1452 1301 De
1482 1247 1734 1301 doctrina
1764 1257 1894 1302 tem-

317 1339 526 1392 porum,
580 1343 702 1400 cap.
733 1329 970 1398 XXVIII,
1015 1336 1173 1406 cujus
1198 1336 1448 1392 doctrina
1483 1339 1678 1410 capitis
1734 1355 1890 1395 assu-

319 1417 514 1472 menda
535 1430 620 1475 est
649 1422 715 1475 ad
745 1421 945 1480 Graeci.
977 1429 1220 1499 computi
1268 1431 1553 1498 notitiam;
1611 1441 1697 1488 est
1742 1432 1888 1488 enim

317 1513 647 1568 necessaria.
676 1512 780 1570 Sed
821 1517 926 1573 hoc
973 1519 1093 1575 loco
1126 1521 1350 1578 minime
1387 1523 1714 1594 repetenda;
1761 1539 1885 1578 eum

316 1598 372 1653 in
403 1611 656 1674 promptu
690 1606 800 1660 illic
819 1607 1085 1665 habeatur
1109 1630 1124 1665 :
1156 1621 1354 1683 praeter
1382 1615 1714 1684 paucissima
1736 1629 1885 1686 quae-

314 1687 544 1754 dam,et
596 1695 951 1769 καιριώτερα,
1003 1701 1122 1756 sine
1157 1703 1358 1774 quibus
1411 1704 1674 1774 explicari
1737 1704 1883 1775 quod

315 1782 576 1849 proposui
602 1799 714 1839 non
744 1794 945 1855 potest.
971 1789 1291 1846 Latinorum
1319 1795 1599 1864 regulares
1631 1803 1760 1849 sunt
1805 1797 1884 1850 Ie-

2005 611 2208 672 epacta:
2239 605 2373 658 solis
2428 620 2503 657 vn
2561 618 2685 658 cum
2741 602 3062 674 προσθεταῖς
3110 617 3207 666 vn,
3241 607 3296 656 et
3332 617 3442 655 uno
3487 599 3576 655 die

2004 692 2393 754 Kalendarum,
2424 691 2662 746 oﬂerunt
2685 691 2872 746 feriam
2900 707 2939 744 ι.
3531 715 3541 721 -

2073 783 2376 854 Προσθεταί
2407 782 2653 847 Maximi,
2687 793 2813 838 sunt
2858 781 3006 836 feriae
3039 780 3244 836 ultima:
3281 779 3388 835 diei
3419 787 3573 833 ante-

2001 873 2248 927 cedentis
2292 873 2538 942 proxime
2584 888 2826 928 menscm
2875 887 3022 937 eum,
3075 871 3232 939 cujus
3273 869 3570 940 προσθεταί

1999 961 2259 1016 dicuntur
2279 962 2332 1015 in
2359 977 2503 1015 anno
2539 961 2717 1031 primo
2770 961 2908 1032 cycli
2956 957 3566 1028 Constantinopolitani,

1997 1053 2086 1122 qui
2136 1053 2432 1123 respondet
2485 1053 2639 1123 cyclo
2709 1053 2956 1108 Romano
2997 1067 3073 1116 vt,
3117 1049 3338 1122 quando
3387 1049 3564 1104 littera

1995 1151 2081 1197 est
2139 1143 2216 1208 (ἐς
2274 1151 2387 1196 tum
2443 1145 2588 1197 enim
2637 1141 2950 1198 Decembris
3010 1140 3369 1212 praecedentis
3441 1141 3567 1194 ulti-

1995 1247 2117 1287 mus
2173 1233 2230 1287 in
2282 1232 2474 1287 feriam
2535 1247 2550 1286 ι
2600 1233 2810 1288 incidit.
2871 1233 2996 1289 Ideo
3049 1232 3316 1304 regularis
3360 1229 3564 1286 Janua-

1994 1325 2061 1379 rii
2109 1327 2238 1379 anni
2287 1325 2452 1390 illius,
2492 1341 2522 1380 a
2567 1341 2676 1396 quo
2716 1326 2960 1397 proxime
3008 1334 3230 1382 secutus
3267 1331 3352 1380 est
3387 1338 3565 1378 annus

1992 1416 2202 1485 primus
2257 1415 2396 1487 cycli
2453 1416 2668 1485 solaris,
2721 1417 2888 1486 Aprili
2930 1418 3172 1481 ineunte,
3231 1423 3317 1472 est
3369 1433 3385 1470 ι
3430 1415 3562 1470 feria

1991 1511 2195 1565 ultimae
2226 1510 2331 1566 diei
2357 1509 2604 1566 Januarii
2637 1527 2710 1565 tv.
2754 1510 2805 1567 Is
2836 1519 2919 1567 est
2953 1512 3220 1580 regularis
3257 1510 3560 1572 Februarii,

1989 1611 2038 1657 et
2061 1601 2141 1657 sic
2168 1601 2448 1672 deinceps,
2477 1610 2536 1656 ut
2567 1619 2640 1658 ex
2673 1604 2869 1657 tabella
2930 1611 3118 1674 patet:
3153 1619 3274 1676 quae
3327 1611 3560 1674 quatuor

1989 1691 2240 1746 versibus
2271 1698 2509 1748 constat.
2539 1691 2558 1746 1
2591 1707 2806 1747 menses
2833 1692 3116 1747 Romanos
3155 1692 3556 1763 complectitur,

1988 1780 2028 1833 με
2062 1789 2287 1850 epactas
2317 1781 2535 1836 illorum
2570 1782 2685 1838 sive
2741 1785 3064 1864 προσθετάς,
3119 1782 3185 1838 III
3221 1784 3557 1856 singulorum

314 1869 409 1923 rite
433 1871 644 1926 dierum
680 1876 736 1930 in
766 1891 911 1933 anno
935 1881 1073 1950 cycli
1104 1883 1258 1948 solis,
1290 1862 1654 1954 qui‘litteram
1690 1885 1854 1941 habui

1989 1875 2258 1928 mensium
2287 1874 2432 1940 dies,
2470 1873 2540 1928 IV
2579 1877 2796 1932 eosdem
2831 1877 2949 1932 dies
2977 1862 3238 1934 collectos
3268 1891 3408 1948 quos
3458 1877 3554 1930 ad-

310 1953 376 2020 G,
417 1957 573 2014 initio
610 1961 680 2016 ab
704 1963 878 2034 Aprili
903 1965 1098 2036 ducto;
1155 1979 1256 2024 aut
1285 1953 1448 2028 etiam
1502 1975 1572 2029 ab
1597 1972 1876 2031 Januario.

311 2044 367 2099 Si
405 2061 434 2101 a
457 2047 719 2107 Januario
765 2055 1020 2124 ducatur,
1077 2061 1358 2131 regulares
1404 2067 1610 2122 mensis
1635 2067 1799 2138 hujus
1824 2076 1879 2123 ct

309 2143 587 2210 sequentis
616 2147 826 2202 unitate
857 2149 1098 2208 minores
1129 2162 1279 2221 sunt,
1314 2172 1477 2226 quam
1507 2160 1551 2214 si
1599 2161 1667 2216 ab
1703 2163 1876 2233 A-prili

305 2232 418 2286 orsi
448 2231 734 2293 fuerimus.
783 2237 1013 2305 Quando
1051 2243 1229 2298 littera
1282 2246 1637 2305 Dominiealis
1687 2231 1770 2309 est
1807 2254 1872 2318 ϐ,

303 2330 437 2379 tunc
477 2325 732 2384 Kalendae
783 2331 989 2402 Aprilis
1029 2334 1218 2391 feriam
1280 2339 1482 2395 habent
1530 2359 1578 2406 ι,
1620 2343 1876 2400 Kalendae

303 2411 427 2468 Maii
460 2430 558 2483 ut;
611 2426 668 2474 et
709 2420 784 2474 ita
838 2422 1096 2494 deinceps
1141 2442 1316 2496 usque
1373 2429 1441 2483 ad
1497 2429 1871 2500 Decembrem,

301 2516 467 2575 quota
521 2511 699 2566 littera
755 2524 839 2569 est
891 2515 1119 2572 initialis
1167 2520 1436 2591 cujusque
1472 2523 1678 2580 mensis
1708 2525 1776 2580 ab
1801 2528 1869 2592 Α,

300 2600 512 2657 unitate
541 2603 742 2672 addita,
777 2613 928 2662 tanta
956 2617 1038 2663 est
1061 2609 1210 2665 feria.
1243 2613 1314 2664 At
1363 2611 1624 2671 Januario
1653 2623 1872 2673 antece-

297 2690 458 2745 dente
482 2690 584 2746 I'uit
616 2693 751 2748 I'eria
788 2711 848 2759 ιι,
910 2695 1197 2753 Februarii
1236 2698 1465 2757 Kalend.
1503 2703 1635 2758 feria
1670 2722 1724 2772 v,
1775 2707 1869 2764 ubi

293 2787 348 2833 et
370 2783 576 2838 unitate
606 2785 812 2852 addita,
848 2789 1041 2845 littera:
1064 2791 1430 2848 Kalendarum
1467 2794 1656 2852 feriam
1709 2800 1868 2855 exiti-

293 2873 444 2930 bent.
479 2874 680 2933 Verum
719 2881 968 2940 calculus
1027 2893 1152 2954 post
1208 2886 1500 2952 bisextum,
1535 2889 1728 2946 Martio
1783 2894 1866 2948 vel

290 2967 462 3038 Aprili
492 2971 676 3040 potius
716 2973 927 3046 incipit.
968 2976 1148 3043 Quare
1176 2977 1422 3036 Januarii
1469 2989 1524 3038 et
1579 2981 1866 3040 Februarii

290 3061 567 3130 regulares
591 3064 766 3135 accipi
789 3065 990 3123 debent
1017 3084 1083 3124 ex
1113 3069 1270 3137 feria,
1321 3088 1482 3143 quam
1520 3074 1722 3130 habent
1770 3091 1866 3133 eo-

1983 1965 2117 2030 didi,
2150 1975 2208 2020 ut
2236 1968 2724 2039 prOpagandorum
2768 1970 3098 2041 regularium
3138 1971 3278 2026 ratio
3315 1969 3558 2027 declare-

1984 2063 2093 2121 tur,
2126 2073 2290 2127 quam
2318 2075 2437 2129 cap.
2471 2059 2641 2116 XXVI
2667 2061 2858 2131 primae
2879 2063 3050 2134 partis
3077 2063 3330 2132 Computi
3385 2061 3557 2116 Maxi-

1981 2167 2106 2205 mus
2139 2154 2381 2222 exponit.
2408 2151 2508 2208 Hic
2534 2155 2680 2210 enim
2711 2156 2829 2212 dies
2856 2171 3045 2212 omnes
3083 2156 3150 2211 ab
3175 2156 3347 2228 Aprili
3381 2156 3447 2210 ad
3491 2155 3553 2210 li-

1977 2256 2101 2295 nem
2132 2242 2377 2312 proxime
2399 2245 2771 2319 antecedentis
2791 2249 2996 2302 mensis
3013 2246 3181 2312 illius,
3206 2244 3365 2316 cujus
3381 2263 3552 2317 προσ-

1977 2331 2139 2397 θετάς
2181 2335 2500 2404 quzerimus,
2544 2352 2641 2408 per
2689 2338 2720 2390 7
2757 2338 2923 2394 dividi
2951 2339 3214 2410 principii,
3245 2340 3545 2400 residuum,

1976 2431 2070 2502 aut
2092 2425 2138 2481 si
2172 2427 2306 2480 nihil
2354 2430 2615 2499 supersit,
2671 2433 3038 2502 septenarium
3093 2433 3271 2503 ipsum
3327 2441 3549 2505 epactas

1973 2533 2101 2573 esse
2137 2520 2340 2575 mensis
2374 2521 2712 2593 insequentis
2742 2526 2836 2579 ait.
2882 2524 3125 2596 Exempli
3178 2541 3380 2581 causa:
3407 2527 3548 2582 scire

1973 2609 2106 2664 libet
2145 2627 2266 2680 quae
2293 2613 2406 2668 sint
2436 2622 2640 2684 epacta:
2671 2615 3028 2684 Septembris.
3075 2618 3118 2670 A
3162 2615 3425 2673 Januario
3478 2619 3545 2672 ad

1971 2700 2202 2772 Augusti
2237 2703 2400 2757 tinem
2433 2705 2549 2761 dies
2567 2716 2694 2760 sunt
2717 2706 2824 2760 245
2851 2724 2865 2760 :
2905 2723 2936 2762 e
2958 2707 3158 2778 quibus
3176 2707 3424 2763 deductis
3452 2707 3543 2772 90,

1969 2804 2180 2850 restant
2213 2796 2316 2851 155
2346 2811 2376 2850 a
2406 2796 2661 2854 Kalendis
2689 2799 2889 2870 Aprilis
2915 2817 3035 2871 qua:
3059 2802 3102 2856 si
3135 2817 3228 2871 per
3251 2801 3281 2854 7
3306 2801 3539 2861 dividas.

1968 2888 2249 2943 residuum
2307 2889 2452 2944 est6
2498 2891 2775 2962 regulares
2835 2891 3190 2962 Septembris.
3258 2892 3413 2960 Quod
3477 2894 3543 2946 ah

1966 2978 2168 3048 Aprilis
2195 2977 2452 3034 Kalendis
2477 2981 2722 3036 calculus
2746 2981 2958 3052 incipit,
2988 2998 3095 3036 non
3138 2999 3202 3038 ex
3243 2998 3309 3038 eo
3360 2983 3541 3053 sequi-

1967 3077 2077 3136 tur,
2116 3071 2396 3142 regulares
2441 3070 2644 3142 Aprilis
2693 3088 2879 3134 esset,
2923 3074 3014 3127 sed
3048 3074 3228 3144 potius
3266 3090 3374 3143 vn;
3423 3090 3539 3145 qua:

289 3168 408 3208 rum
432 3154 685 3213 Kalends:
712 3175 858 3217 anno
889 3166 1161 3234 sequenti,
1185 3183 1293 3237 quo
1325 3168 1504 3224 littera
1535 3177 1619 3225 est
1649 3169 1713 3236 Ρ,
1749 3181 1861 3227 tum
1890 3199 1934 3260 ε
1967 3177 2054 3217 res
2096 3161 2432 3234 Scaligerum
2459 3163 2666 3231 tel‘ellit,
2708 3166 2803 3260 qui
2842 3165 3144 3238 προσθετάς
3173 3166 3537 3260 Maximinum.

287 3261 418 3301 vero
444 3245 741 3306 Januarius
768 3253 1006 3323 incipita
1046 3257 1181 3313 feria
1223 3275 1304 3324 Ill,
1337 3259 1670 3320 Februarius
1704 3280 1734 3318 a
1763 3277 1856 3319 Ἥ.

289 3335 354 3391 Ili
385 3346 513 3394 sunt
547 3343 824 3414 regulares
857 3348 1128 3404 mensium
1153 3349 1548 3420 Romanorum,
1577 3355 1670 3426 qui
1730 3372 1849 3426 per-

287 3432 434 3500 petui
465 3433 786 3506 immotique
816 3447 985 3506 sunt;
1025 3457 1126 3496 nec
1156 3453 1362 3513 epactas
1400 3447 1672 3502 mensium
1730 3463 1859 3518 pros

283 3521 399 3590 prie
435 3523 544 3576 dici
569 3523 788 3580 debent.
817 3527 952 3582 Nam
985 3539 1188 3599 epaetre
1218 3536 1432 3603 proprie
1457 3543 1586 3590 sunt
1616 3536 1732 3591 dies
1760 3552 1856 3590 an-

281 3614 588 3671 tecedentes
622 3627 786 3689 caput
812 3623 939 3675 anni
959 3626 1253 3689 mensisve,
1273 3627 1433 3696 cujus
1463 3640 1668 3700 epactas
1690 3631 1858 3684 nomi-

279 3717 476 3761 nantur
509 3726 523 3763 :
551 3710 1005 3778 quemadmodum
1067 3717 1285 3774 lunares
1342 3732 1543 3790 epactae
1583 3721 1698 3778 dies
1727 3731 1856 3777 sunt

278 3799 474 3870 reliqui
495 3816 526 3854 a
557 3803 807 3859 confecta
851 3807 1041 3861 ultima
1065 3810 1283 3880 syzygia
1325 3813 1392 3865 ad
1422 3814 1582 3868 tinem
1614 3815 1739 3868 anni
1773 3816 1853 3869 ci-

277 3889 420 3953 vilis,
468 3905 596 3963 puta
650 3911 680 3949 a
722 3894 1059 3964 Decembris,
1093 3902 1174 3956 vel
1208 3902 1406 3967 Martii,
1446 3907 1490 3960 si
1533 3921 1563 3959 a
1590 3905 1851 3963 Januario

275 3979 358 4033 vel
387 3979 558 4050 Aprili
590 3997 768 4038 annus
806 3985 1016 4042 lunaris
1077 3988 1264 4058 ineat;
1311 4002 1518 4063 epactaa
1564 3997 1698 4053 solis
1751 4014 1849 4052 an-

273 4088 397 4126 nuae
429 4073 563 4129 feria
593 4084 676 4130 est
702 4077 809 4132 diei
843 4079 1019 4133 ultimi
1069 4083 1241 4138 totius
1275 4087 1423 4151 anni,
1476 4096 1534 4142 ut
1575 4089 1649 4143 ait
1679 4089 1847 4146 Maxi-

271 4180 413 4220 mus.
451 4166 636 4237 Itaque
686 4166 941 4225 Kalenda:
980 4172 1112 4242 ipsa;
1166 4177 1392 4242 mensis,
1434 4181 1592 4251 cujus
1641 4193 1846 4253 cpactze

271 4264 556 4322 vocantur,
591 4259 644 4312 iu
675 4267 991 4330 epactarum
1021 4280 1310 4320 numerum
1352 4286 1698 4341 nequaquam
1750 4291 1843 4329 ve-

270 4348 447 4402 niunt.
479 4347 596 4404 Non
638 4359 766 4406 sunt
790 4352 956 4424 igitur
984 4355 1302 4425 προσθεταί,
1355 4359 1460 4414 hoc
1519 4371 1601 4415 est
1638 4374 1842 4434 epactte

270 4440 559 4506 mensium,
588 4442 729 4496 idem
755 4459 880 4498 cum
914 4442 1286 4502 Romanorum
1317 4450 1681 4522 regularibus.
1703 4456 1839 4512 Iliuc

269 4540 468 4599 epactae
495 4533 626 4588 solis
656 4549 871 4600 annuae,
896 4537 1010 4593 sive
1058 4553 1470 4609 concurrentes,
1528 4562 1652 4601 cum
1704 4551 1836 4605 solis
1870 4543 1913 4597 Ι)

268 4623 604 4692 regularibus
629 4625 997 4684 Kalendarum
1033 4630 1225 4687 feriam
1275 4635 1539 4704 prazbent.
1564 4637 1631 4691 At
1668 4658 1835 4713 προσ-

262 4711 412 4767 Θεταί
451 4732 577 4770 cum
630 4719 837 4788 epactis
879 4722 1012 4777 solis
1059 4738 1168 4777 non
1203 4725 1437 4781 reddunt
1470 4728 1684 4797 feriam,
1714 4711 1832 4786 nisi

260 4808 552 4881 addatur'lj
591 4813 845 4866 ποσταία.
875 4812 1200 4886 Exemplum
1240 4833 1253 4868 :
1292 4828 1409 4873 esto
1455 4835 1632 4875 annus
1673 4823 1832 4876 Chri-

264 4899 328 4950 sti
360 4913 560 4962 tocxu,
587 4907 642 4954 et
664 4913 940 4971 qureratur
990 4904 1123 4959 feria
1156 4905 1528 4962 Kalendarum
1555 4910 1830 4980 LSeptcm-

262 4988 457 5043 brium.
493 4990 899 5049 Concurrentes
928 4995 1023 5050 illo
1053 5011 1198 5051 anno
1233 4997 1458 5053 fuerunt
1491 5017 1588 5068 vn,
1617 5019 1683 5055 ex
1716 5020 1821 5058 me-

257 5078 420 5134 titodo
441 5081 639 5151 capitis
665 5081 879 5137 XXVIII
925 5084 1049 5140 Iihri
1103 5086 1163 5140 VI
1214 5087 1292 5141 De
1337 5089 1579 5144 doctrina
1627 5103 1826 5164 tempo-

258 5183 370 5223 mm
407 5170 500 5239 qui
524 5171 590 5225 ad
624 5173 906 5242 regulares
936 5173 1270 5246 Septembris
1310 5197 1387 5234 vu
1445 5183 1640 5252 adjecti
1692 5187 1823 5240 dant

256 5260 440 5315 feriam
471 5279 568 5327 vtt,
591 5263 900 5333 cujusmodi
935 5282 1120 5321 revera
1152 5285 1294 5324 anno
1317 5271 1410 5326 illo
1434 5273 1554 5337 fuit,
1585 5290 1707 5328 cum
1733 5278 1822 5330 lit-

255 5362 360 5406 tera
396 5349 746 5408 DominiCaIis
779 5365 926 5408 esset
955 5354 1018 5419 G,
1067 5359 1221 5428 cyclo
1273 5361 1403 5416 solis
1444 5361 1692 5419 Romano
1741 5383 1815 5422 vt.

252 5441 323 5494 lta
354 5440 613 5498 Kalendis
646 5446 852 5515 Aprilis
877 5447 1037 5502 iidem
1063 5463 1454 5507 concurrentes
1485 5471 1558 5508 vn
1589 5470 1711 5510 cum
1730 5473 1817 5512 re-

246 5535 527 5602 gularibus
559 5552 575 5590 t
615 5537 746 5591 dant
777 5538 966 5593 feriam
993 5557 1031 5595 ι.
1063 5541 1152 5606 Λι,
1183 5559 1246 5597 ex
1276 5546 1530 5601 methodo
1570 5547 1810 5615 Maximi,

245 5632 446 5699 epatu
485 5626 617 5680 solis
643 5642 717 5680 vn
742 5642 886 5681 anno
926 5629 1104 5698 primo
1135 5633 1272 5702 cycli
1305 5635 1502 5690 solaris
1543 5636 1813 5694 Constan-

243 5715 606 5790 tiuopolitani,
669 5735 791 5774 cum
833 5723 1160 5794 προσθεταῖς
1209 5724 1547 5796 Septembris
1584 5747 1656 5797 Vl,
1711 5733 1807 5786 ad-

246 5806 355 5862 dita
388 5809 639 5883 ποσταίᾳ,
674 5810 774 5867 hoc
819 5823 904 5868 est
941 5830 1048 5870 uno
1101 5814 1188 5872 die
1247 5816 1603 5889 Septembris,
1650 5823 1803 5878 cxiii-

1967 3261 2075 3309 tate
2139 3269 2420 3324 perperam
2484 3265 2662 3325 auget.
2725 3255 2914 3324 Itaque
2977 3266 3194 3328 epactas
3253 3257 3431 3312 Martii
3463 3261 3536 3312 ait

1963 3361 2086 3402 esse
2121 3363 2173 3412 v,
2203 3353 2422 3417 epactas
2480 3347 2683 3417 Aprilis
2737 3364 2776 3414 ι,
2837 3357 3059 3418 epactas
3099 3349 3224 3404 Maii
3283 3365 3380 3414 III,
3430 3367 3534 3404 uno

1959 3438 2148 3502 verbo,
2184 3445 2350 3508 quota
2379 3448 2463 3494 est
2491 3439 2674 3494 littera
2725 3440 2954 3496 initialis
2988 3442 3284 3510 cujuslibet
3329 3443 3533 3498 mensis

1960 3529 2145 3583 addita
2177 3530 2408 3593 unitate,
2449 3538 2636 3586 tantas
2666 3547 2789 3588 esse
2829 3531 3132 3604 προσθετάς
3162 3533 3378 3589 asserit.
3419 3531 3531 3586 Hoc

1957 3619 2120 3674 modo
2145 3618 2439 3690 προσθεταί
2477 3617 2813 3690 Septembris
2842 3629 3003 3675 erunt
3027 3638 3100 3676 vn
3123 3639 3139 3688 ;
3162 3621 3417 3676 Octobris
3466 3635 3528 3686 II,

1956 3713 2292 3767 reclamante
2323 3711 2562 3765 Maximo
2589 3713 2643 3766 in
2685 3713 2948 3768 laterculo
2991 3714 3193 3783 duplici
3259 3714 3453 3783 capitis
3486 3715 3523 3777 I,

1955 3803 2114 3872 cujus
2158 3805 2214 3858 in
2255 3805 2482 3859 sinistro
2524 3819 2720 3860 versus
2769 3806 2980 3875 primus
3019 3806 3260 3861 continet
3290 3805 3522 3877 προσθευ

1952 3897 2050 3960 τάς
2077 3896 2256 3950 Martii
2281 3913 2369 3951 tv:
2395 3913 2533 3968 quas
2575 3896 2820 3968 Scaliger
2853 3915 2885 3951 v
2923 3913 2953 3951 a
2994 3898 3226 3954 Maximo
3265 3900 3522 3954 constitui

1951 3986 2088 4044 falso
2113 3990 2338 4059 putavit.
2377 3989 2434 4044 In
2456 4005 2616 4045 versu
2660 3996 2857 4059 quarto
2911 3990 3204 4062 προσθεταί
3236 3997 3362 4047 sunt
3419 3991 3518 4046 Se.-

1949 4079 2213 4148 ptembris
2242 4089 2295 4135 et
2319 4079 2592 4145 Octobris,
2617 4081 2780 4150 hujus
2815 4095 2854 4142 t,
2910 4082 3056 4138 illius
3091 4100 3141 4137 vr
3178 4103 3190 4138 :
3219 4100 3355 4154 quas
3396 4086 3518 4139 uni-

1949 4178 2058 4225 tate
2097 4170 2348 4241 producit
2373 4173 2648 4227 auctiores
2681 4171 2942 4244 Scaliger.

1949 4280 2170 4336 Tabella
2211 4283 2524 4354 προσοετῶν
2593 4285 2646 4338 in
2695 4285 2957 4340 mensibus
3001 4285 3258 4353 Iulianis,
3298 4297 3348 4344 et
3378 4289 3517 4345 Con.

2353 4355 2826 4424 stantinopolilauo
2857 4367 3116 4426 computo.

2013 4463 2228 4522 Menses
2374 4467 2688 4542 ’ττροςςοεταί⁸
2814 4467 2940 4525 Dies
2972 4487 3122 4527 meu-
3266 4474 3390 4529 Dies
3409 4476 3514 4530 col-

2889 4544 3031 4595 sium
3317 4547 3436 4600 lecti

1939 4623 2236 4682 Januarius
2490 4630 2510 4682 I
2907 4632 2970 4684 51
3301 4636 3361 4689 51

1935 4694 2267 4752 Februarius
2485 4700 2518 4752 4
2910 4702 2980 4756 28
3301 4706 3370 4760 59

1934 4765 2162 4822 Martius
2480 4769 2515 4822 4
2902 4773 2963 4826 51
3299 4777 3369 4830 90

1933 4857 2132 4927 Aprilis
2486 4862 2516 4912 7
2905 4865 2974 4918 50
3297 4869 3400 4923 120

1930 4927 2105 4984 Maius
2472 4931 2508 4986 2
2905 4935 2966 4988 51
3296 4941 3390 4993 151

1925 4997 2121 5055 Junius
2481 5002 2514 5055 5
2904 5006 2974 5060 50
3295 5013 3388 5064 181

1923 5088 2099 5146 Julius
2485 5092 2514 5144 7
2905 5099 2967 5150 51
3291 5100 3396 5154 212

1923 5161 2201 5229 Augustus
2477 5162 2511 5214 ’5
2905 5167 2966 5221 51
3291 5171 3395 5224 ⁶215

1925 5230 2240 5299 September
2467 5235 2500 5287 6
2901 5237 2970 5290 50
3289 5241 3396 5296 275

1921 5319 2158 5376 October
2478 5328 2502 5380 1
2903 5331 2965 5384 51
3286 5333 3392 5386 554
3412 5373 3416 5384 ,

1921 5389 2225 5448 November
2472 5399 2508 5450 4
2899 5401 2969 5454 50
3285 5403 3390 5457 565

1919 5459 2214 5518 Decetttbcr
2473 5468 2505 5522 6
2899 5471 2959 5524 51
3284 5473 3388 5527 054

1989 5551 2279 5610 Sciendum
2306 5568 2388 5613 est
2412 5567 2613 5625 autem,
2633 5560 2758 5615 licet
2794 5561 3057 5616 Maximus
3094 5562 3160 5618 ah
3189 5563 3357 5633 Aprili
3386 5565 3487 5617 τῶν

1915 5646 2227 5717 προσθετῶν
2258 5650 2548 5704 ratiocinia
2571 5652 2842 5720 deducat;
2897 5670 3083 5709 revera
3115 5662 3297 5710 tamen
3332 5670 3361 5709 a
3398 5655 3489 5710 Ja-

1917 5739 2108 5792 nuario
2156 5741 2450 5810 proﬁcisci.
2511 5742 2720 5799 Etenim
2758 5762 2786 5800 a
2819 5746 3046 5808 Kalend.
3087 5750 3362 5820 Aprilibus
3417 5750 3485 5803 ad

1918 5829 2174 5884 ultimum
2203 5829 2516 5890 Decembris
2539 5835 2657 5893 dies
2681 5839 2929 5893 δυηιὲῖὸ
2958 5840 3155 5907 quibus
3187 5858 3281 5909 per
3316 5841 3345 5893 7
3379 5846 3484 5896 dis-
