4022 6398
508 374 643 431 16Ξῖ

1490 375 1582 434 AD
1610 379 1879 439 EUSEBII
1912 379 2308 441 CIIIiONICON
2346 380 2703 441 APPENDIX.

3596 375 3755 433 1-128

505 494 728 552 tributis
797 502 1003 552 restant
1055 494 1126 561 2,
1184 510 1306 567 quae
1363 498 1657 568 προσθεταε
1699 512 1820 557 esse
1873 502 2071 558 debent
2099 511 2147 567 Α,
2180 504 2411 560 habebat
2459 502 2645 574 cyclus
2680 516 2869 565 xxvm,
2928 498 3086 570 cujus
3114 506 3315 570 epacta:
3355 504 3487 553 sunt
3547 512 3623 553 vi.
3665 497 3755 550 Ad

504 589 798 656 Januarii,
868 589 914 645 si
980 588 1047 644 ab
1110 587 1283 661 Aprili
1345 600 1776 662 computentur;
1844 603 1901 650 at
1976 595 2070 650 Ja—

507 684 735 738 nuarius
794 688 1003 735 tantum
1069 680 1234 737 habet
1289 696 1326 736 ι.
1367 681 1603 739 Proinde
1633 685 1712 740 sic
1751 700 1781 739 a
1809 683 2071 743 Januario

509 774 755 829 calculus
791 779 1140 844 propagatur.
1170 773 1438 840 Quoniam
1475 790 1598 831 cum
1647 774 1883 832 litteraG
1905 785 1988 833 est
2019 779 2075 833 in

510 882 636 929 usu,
664 862 909 919 Januarii
935 863 1196 920 Kalendis
1228 864 1361 921 feria
1407 874 1493 921 est
1545 866 1817 937 secundaf;
1872 876 2076 939 epacta:

509 952 755 1010 Januarii
800 962 928 1010 sunt
958 970 999 1020 ι,
1036 955 1225 1009 ultima
1260 955 1379 1011 dies
1426 952 1670 1012 Januarii
1718 965 1805 1013 est
1840 956 1972 1013 l‘eria
1999 975 2071 1015 tv.

511 1044 645 1101 Nam
669 1045 861 1101 divisis
889 1045 958 1101 32
980 1044 1195 1111 diebus,
1218 1047 1321 1101 hoc
1351 1058 1438 1103 est
1484 1049 1544 1103 3t
1578 1046 1848 1115 Januarii,
1872 1058 1926 1106 et
1948 1065 2078 1121 epa-

511 1147 598 1193 cta
621 1137 741 1208 ejus
772 1152 788 1192 ι
820 1152 918 1208 per
947 1137 1003 1203 7,
1040 1144 1250 1193 restant
1282 1138 1399 1194 dies
1428 1136 1498 1203 4;
1524 1139 1605 1194 sic
1635 1139 1828 1196 divisis
1859 1139 1950 1208 9|,
1975 1140 2078 1194 hoc

512 1236 597 1285 est
625 1229 816 1285 diebus
848 1231 1117 1285 mensium
1152 1232 1337 1299 trium,
1376 1229 1559 1286 addita
1590 1239 1779 1301 epacta
1804 1228 2074 1295 Januarii,

513 1336 611 1390 per
638 1321 689 1388 7,
718 1321 998 1376 residuum
1021 1327 1105 1377 est
1134 1320 1164 1373 ’1
1191 1330 1383 1392 epacta
1416 1322 1621 1379 mensis
1644 1322 1883 1392 Aprilis;
1920 1321 2078 1376 dein-

513 1432 642 1486 ceps
665 1425 843 1470 autem
886 1416 956 1471 ab
985 1416 1157 1487 Aprili
1189 1416 1326 1470 nihil
1353 1413 1603 1482 additur,
1637 1416 1897 1486 quoniam
1954 1430 2081 1486 epa-

513 1516 601 1562 cta
629 1508 831 1579 Aprilis
850 1515 934 1565 est
966 1507 1019 1574 7,
1049 1508 1132 1565 vel
1157 1509 1212 1565 ϐ.
1249 1506 1421 1578 Hujus
1445 1509 1545 1573 rei,
1579 1507 1877 1579 quamlibet
1907 1507 2041 1563 levis
2063 1547 2077 1570 ,

515 1598 825 1654 observatio
845 1614 956 1653 non
978 1600 1305 1655 mediocrem
1342 1600 1520 1656 lucem
1572 1599 1729 1655 aﬂ‘ert
1768 1596 2080 1653 Graecorum

516 1697 775 1759 computo
810 1708 823 1744 :
857 1689 1018 1759 cujus
1043 1690 1380 1761 ignoratione
1401 1691 1536 1746 adeo
1571 1688 1863 1746 manifesto
1891 1704 2081 1747 errore

517 1780 829 1850 implicatus
866 1788 950 1837 est
983 1780 1239 1852 Scaliger.

2173 595 2451 667 regulares
2501 594 2684 663 itaque
2725 590 3003 646 Februarii
3057 607 3143 655 Iv,
3197 590 3244 645 si
3296 589 3558 643 accedant
3605 603 3755 656 epa-

2174 695 2277 741 cta:
2316 702 2388 751 vr,
2418 694 2473 742 et
2511 683 2803 757 ἡποσταία
2845 700 2863 737 ι
2903 682 2991 737 [let
3028 680 3283 736 Kalendis
3316 678 3630 735 Februariis
3672 676 3759 732 fe-

2175 779 2256 833 ria
2282 795 2355 834 tv.
2382 776 2510 832 Erat
2542 784 2720 831 autem
2737 792 2789 830 v.
2814 774 2985 846 Igitur
3014 789 3125 829 non
3148 779 3350 842 epacta:
3377 789 3430 826 vt
3461 770 3598 824 anni
3618 784 3759 822 cur-

2177 867 2500 932 rentisysed
2532 883 2603 923 vn
2640 866 2768 921 anni
2804 865 3085 936 sequentis
3118 862 3437 919 adhibendae
3490 870 3653 927 sunt,
3695 868 3761 914 ut

2178 958 2313 1014 feria
2342 976 2374 1013 v
2395 958 2640 1029 prodeat.
2675 955 2849 1028 IIujus
2878 957 2958 1012 rei
2989 971 3152 1011 causa
3188 970 3255 1010 ex
3280 954 3550 1025 dispositu
3583 969 3763 1023 regu-

2177 1050 2372 1105 larium
2405 1049 2624 1120 petitur.
2654 1047 2789 1103 Nam
2817 1048 2863 1103 si
2899 1048 2969 1102 ab
3005 1046 3176 1117 Aprili
3208 1055 3385 1116 empta
3430 1045 3763 1116 progressio

2178 1158 2290 1197 non
2319 1142 2760 1212 interpellaretur
2786 1140 2840 1194 in
2874 1136 3151 1205 Januario,
3179 1147 3433 1207 essetque
3472 1136 3762 1207 regularis

2180 1235 2367 1304 hujus,
2413 1242 2474 1287 ut
2511 1248 2609 1304 par
2669 1239 2808 1298 erat,
2837 1247 2899 1295 ιι,
2951 1238 3005 1286 et
3054 1229 3335 1284 Februarii
3363 1247 3417 1289 v.
3440 1245 3509 1284 ex
3541 1229 3764 1299 epactis

2181 1328 2379 1383 veteris
2425 1327 2577 1390 anni,
2634 1332 2688 1380 et
2744 1308 3089 1395 regularibus
3138 1321 3416 1377 Februarii
3461 1338 3591 1376 cum
3658 1339 3763 1374 πο-

2184 1419 2342 1489 σταίᾳ
2370 1423 2853 1487 repraesentaretur
2870 1414 3001 1468 feria
3015 1415 3224 1484 quinta.
3240 1412 3282 1467 Ν
3289 1429 3394 1468 unc
3416 1413 3468 1467 in
3482 1412 3764 1489 Januario

2182 1488 2381 1564 novum
2414 1508 2695 1564 exordium
2738 1505 3169 1577 imprudentibus
3208 1505 3480 1575 obrepsit,
3543 1488 3605 1558 ut
3668 1520 3766 1558 re-

2183 1599 2389 1671 gularis
2434 1604 2752 1668 competens
2803 1611 2913 1650 uno
2957 1596 3268 1650 deminutus
3322 1597 3471 1649 tieret
3507 1611 3547 1651 ι.
3582 1594 3675 1649 Ob
3710 1594 3766 1647 id

2183 1703 2373 1765 epacta
2406 1693 2611 1747 unitate
2632 1690 2824 1761 major,
2855 1688 2911 1745 id
2940 1700 3022 1747 est
3063 1691 3193 1745 anni
3241 1689 3544 1761 sequentis,
3596 1694 3767 1741 antc-

2110 1836 2120 1847 .
2185 1784 2416 1840 vertitur

586 1873 808 1927 Isaacus
859 1871 1160 1928 monachus
1220 1872 1419 1938 prioris
1472 1872 1725 1944 Cumputi
1774 1873 1951 1946 capite
1996 1867 2085 1938 IV,
2116 1863 2160 1918 Β
2261 1874 2585 1947 Epactarum
2611 1888 2936 1940 annuarum,
2973 1876 3086 1930 sive
3110 1873 3554 1929 concurrentium
3602 1873 3773 1926 inve-

517 1961 819 2034 προσθετάς
848 1964 1113 2019 mensium
1141 1973 1300 2019 vocat
1331 1965 1843 2036 smxtdc,jquarum
1869 1965 2089 2036 epilogi-

519 2070 697 2110 smum
730 2054 923 2126 incipit
949 2054 1019 2110 ab
1072 2055 1277 2125 Aprili;
1336 2071 1400 2110 ac
1458 2057 1728 2127 superiori
1761 2057 1838 2111 illi
1888 2057 2089 2111 rationi

520 2145 849 2217 suil‘ragator
868 2146 1096 2202 accedit.
1127 2145 1338 2202 Etenim
1367 2157 1590 2217 epactas
1610 2148 1911 2218 cujuslibet
1938 2163 2090 2203 men-

520 2236 598 2292 sis
629 2236 914 2291 constituit
947 2235 1135 2292 Ieriam
1159 2237 1365 2292 ultima:
1393 2236 1499 2292 diei
1526 2237 1897 2294 antecedentis
1936 2239 2091 2310 cyclo

519 2327 715 2396 primo,
741 2342 865 2382 cum
902 2326 1081 2383 littera
1102 2336 1186 2383 est
1216 2320 1279 2382 (ἓ.
1315 2327 1668 2385 Ostendimus
1696 2344 1861 2400 supra
1890 2344 2012 2400 cap.
2043 2329 2089 2386 ν

520 2417 733 2489 eyelum
766 2418 899 2474 solis
930 2417 1101 2474 Isaaci
1128 2418 1460 2489 respondere
1494 2436 1607 2474 xvn
1633 2418 1899 2485 Romano,
1930 2419 2089 2490 cujus

523 2509 717 2563 litterae
743 2516 871 2563 sunt
898 2508 1009 2563 AG.
1046 2508 1230 2579 Itaque
1259 2510 1514 2568 Octobris
1533 2506 1789 2567 Kalendae
1815 2512 1871 2566 in
1900 2510 2090 2567 feriam

521 2601 818 2657 secundam
850 2600 1131 2668 incidunt;
1164 2611 1218 2658 et
1251 2603 1378 2673 quia
1416 2602 1536 2658 dies
1592 2602 1781 2656 ultima
1844 2600 2090 2673 Septem-

525 2693 640 2749 bris
664 2692 771 2748 fuit
809 2692 945 2749 feria
978 2694 1174 2763 prima,
1203 2694 1333 2749 hinc
1373 2701 1579 2765 epactae
1606 2692 1859 2750 Octobris
1891 2702 2021 2750 sunt
2047 2710 2088 2762 ι,

520 2794 724 2853 epacta:
786 2782 1109 2841 Novembris
1141 2800 1213 2850 IV,
1252 2794 1454 2855 epacta:
1494 2783 1740 2840 Januarii
1771 2800 1835 2849 ιι,
1870 2800 1970 2840 nec
2002 2786 2089 2840 in-

522 2876 882 2947 terrumpitur
906 2892 971 2931 eo
1002 2892 1187 2932 mense
1213 2876 1409 2932 calculi
1456 2877 1802 2949 progressio;
1841 2886 1900 2932 ut
1946 2877 2089 2948 apud

524 2970 838 3027 Maximum.
870 2970 1007 3025 Vide
1037 2982 1200 3041 caput
1232 2968 1299 3022 IV
1323 2967 1495 3025 Isaaci
1530 2969 1806 3024 monachi.

593 3060 910 3132 Sequuntur
941 3076 1208 3115 annorum
1234 3068 1458 3129 epactae,
1508 3074 1646 3128 quos
1699 3062 2089 3115 concurrentes

525 3151 757 3207 Romani
812 3158 1221 3221 computatores
1250 3154 1465 3203 vocant.
1498 3146 1593 3202 Est
1621 3154 1801 3202 autem
1833 3146 2088 3202 residuus

523 3242 784 3296 feriarum
811 3255 1073 3296 numerus
1099 3256 1164 3295 ex
1195 3255 1340 3294 anno
1394 3237 1754 3293 antecedenti.
1790 3236 1859 3292 Ut
1909 3237 1954 3293 si
1981 3252 2082 3292 an-

524 3352 627 3391 nus
681 3336 890 3405 primus
922 3351 951 3388 a
984 3335 1116 3389 feria
1170 3335 1343 3404 prima
1371 3332 1630 3404 incipiat,
1687 3333 1913 3389 ultimus
1967 3333 2086 3390 dies

528 3429 639 3483 erit
666 3427 801 3482 l'eria
835 3428 1046 3497 prima;
1070 3426 1295 3498 proinde
1335 3436 1539 3496 epacta:
1568 3425 1795 3480 secundi
1826 3423 1956 3480 anni
1982 3425 2088 3481 erit

526 3519 729 3582 unitas,
786 3525 840 3571 et
872 3516 945 3570 ita
970 3516 1248 3585 deinceps.
1275 3514 1503 3585 Cyclum
1534 3515 1765 3570 solarem
1820 3512 2087 3567 Maximus

521 3610 737 3663 orditur
763 3609 834 3663 ab
874 3606 1124 3661 Romano
1184 3621 1261 3670 νι,
1317 3606 1477 3676 cujus
1530 3605 1708 3660 littera
1746 3603 1838 3661 -G.
1873 3601 2089 3657 Primus

526 3701 732 3755 mensis
769 3708 852 3754 est
900 3700 1120 3767 Aprilis.
1190 3697 1359 3767 Igitur
1408 3698 1563 3768 cyclo
1610 3698 1787 3768 primo
1831 3694 2090 3751 Kalendis

523 3791 809 3861 Aprilibus
847 3799 928 3844 est
953 3791 1085 3843 t'eria
1135 3790 1331 3859 prima.
1386 3787 1601 3858 Epacta:
1632 3795 1760 3843 sunt
1807 3802 1915 3855 vn;
1965 3800 2091 3840 nam

522 3890 727 3953 epactse
778 3888 906 3937 sunt
959 3880 1092 3935 feria
1144 3880 1323 3934 ultimi
1379 3879 1485 3934 diei
1541 3879 1900 3950 praecedentis
1939 3879 2087 3933 anni.

524 3976 668 4029 Anni
704 3973 932 4029 secundi
972 3981 1177 4043 epactze
1226 3983 1354 4028 sunt
1388 3989 1424 4037 ι,
1457 3973 1603 4028 tertii
1659 3980 1787 4027 sunt
1824 3987 1885 4037 ιι,
1911 3972 2093 4042 quarti

523 4076 747 4131 suntlv,
775 4077 994 4136 propter
1018 4064 1329 4120 bisextilem
1379 4064 1545 4119 diem.
1579 4063 1717 4118 Cum
1774 4063 1920 4118 enim
1959 4076 2095 4116 con—

523 4160 863 4214 currentium
920 4158 1126 4230 epocba
1180 4174 1209 4212 a
1250 4156 1445 4212 Martio
1478 4158 1565 4212 vel
1618 4156 1791 4226 Aprili
1839 4155 2093 4219 sumitur,

525 4251 758 4320 simplex
783 4258 867 4305 est
886 4258 1102 4320 epacta,
1128 4248 1223 4304 sed
1251 4264 1281 4302 a
1311 4247 1575 4302 Januario
1591 4247 1914 4303 ineuntibus
1933 4245 2096 4300 annis

523 4346 721 4415 duplex
756 4345 1079 4409 assumitur,
1108 4352 1167 4397 ut
1196 4345 1252 4397 in
1278 4341 1526 4397 Romano
1582 4348 1842 4411 computo
1896 4338 2098 4410 duplex

522 4439 704 4492 littera
728 4436 867 4491 solet
891 4447 1070 4491 esse':
1103 4449 1337 4505 quarum
1361 4434 1513 4503 prior
1543 4447 1574 4486 a
1603 4431 1864 4487 Kalendis
1893 4429 2098 4485 Janua-

2195 1970 2425 2041 stigatio
2455 1964 2615 2022 aliter
2642 1981 2673 2020 a
2706 1963 2940 2021 Maximo
2979 1967 3300 2037 proponitur
3333 1966 3511 2035 capite
3560 1962 3771 2017 XXIX.

2190 2057 2401 2124 Quotus
2428 2065 2510 2114 est
2532 2063 2718 2133 cyclus
2740 2064 2890 2129 anni,
2926 2062 3018 2133 qui
3053 2058 3336 2127 quaeritur,
3365 2055 3596 2109 totidem
3617 2054 3772 2115 dies.

2192 2165 2302 2205 uno
2319 2150 2557 2221 dempto.
2592 2155 2733 2208 sumi
2761 2153 3020 2224 praacipit.
3045 2148 3167 2203 Inde
3189 2146 3462 2217 cyclorum
3481 2144 3772 2202 omnium,

2194 2242 2342 2297 nullo
2370 2251 2645 2314 exempto,
2694 2259 2980 2300 numerum
3020 2256 3116 2311 per
3144 2238 3178 2292 4
3209 2235 3395 2309 partiri
3430 2252 3444 2287 :
3496 2235 3649 2304 quod
3699 2250 3772 2288 ex

2192 2330 2461 2389 divisione
2486 2334 2733 2404 provenit
2774 2328 2843 2387 ad
2881 2330 3219 2402 superiorem
3278 2340 3551 2381 summam
3607 2323 3776 2378 addi—

2192 2430 2329 2488 tum,
2370 2431 2591 2494 totoque
2610 2440 2704 2494 per
2734 2420 2764 2477 7
2796 2425 3016 2495 partito,
3069 2419 3337 2488 reliquum
3375 2418 3481 2470 erit
3542 2423 3771 2485 epacta,

2190 2514 2338 2569 velsi
2369 2515 2607 2584 supersit
2638 2514 2794 2579 nihil,
2828 2511 3170 2583 septenarius
3202 2508 3337 2577 ipse.
3362 2504 3532 2561 Verbi
3563 2505 3771 2576 gratia,

2192 2616 2507 2677 quaerantur
2527 2613 2731 2676 epacta:
2754 2605 2883 2659 anni
2904 2620 3050 2658 xxvr.
3081 2600 3163 2657 Ob
3182 2599 3364 2670 cyclos
3397 2615 3508 2653 xxv
3534 2606 3774 2667 prater-

2192 2698 2300 2753 itos
2357 2713 2514 2753 sumo
2561 2696 2679 2752 dies
2716 2696 2808 2761 25,
2844 2706 2959 2750 tum
2989 2695 3173 2749 divido
3198 2692 3268 2745 26
3318 2707 3414 2762 per
3463 2691 3522 2755 4,
3572 2705 3776 2760 prove-

2193 2791 2355 2844 niunt
2376 2790 2428 2844 6.
2460 2789 2805 2861 Culligtmtur
2837 2788 2889 2841 5.
2921 2786 3050 2841 Item
3084 2785 3225 2853 cycli
3253 2784 3385 2839 solis
3426 2781 3498 2835 28
3544 2788 3773 2850 epactas

2194 2880 2269 2934 ita
2291 2881 2568 2936 conficies.
2608 2880 2767 2948 Cape,
2789 2877 2907 2933 dies
2957 2877 3028 2931 27
3060 2876 3129 2931 ob
3173 2881 3482 2929 transactos
3538 2871 3772 2925 totidem

2193 2973 2399 3045 cyclos,
2453 2972 2648 3027 deinde
2672 2971 2740 3025 28
2768 2970 2953 3041 cyclos
2989 2970 3158 3039 ipsos,
3194 2967 3343 3021 nullo
3370 2965 3625 3019 detracto
3644 2974 3775 3031 par—

2194 3064 2297 3118 tire
2318 3080 2412 3134 per
2442 3063 2497 3129 4,
2516 3070 2570 3119 et
2589 3069 2816 3131 septem,
2839 3061 2934 3132 qui
2954 3061 3077 3114 inde
3099 3065 3407 3113 nascuntur
3424 3054 3569 3109 adde
3588 3055 3658 3107 ad
3676 3053 3772 3116 27,

2192 3171 2259 3211 ac
2282 3170 2550 3212 summam
2588 3154 2656 3209 54
2683 3153 2862 3210 divide
2886 3167 2981 3222 per
3012 3151 3062 3207 7.
3082 3151 3360 3206 Exsistent
3396 3156 3611 3217 epacta:
3641 3144 3775 3198 anni

2189 3249 2366 3302 ultimi
2414 3263 2486 3301 vt.
2547 3246 2719 3315 Hujus
2794 3244 3033 3298 methodi
3086 3244 3368 3311 perspicua
3439 3237 3587 3294 ratio
3668 3245 3772 3290 est.

2187 3336 2323 3392 Nam
2345 3339 2550 3409 epactis
2574 3337 2748 3392 ultimi
2783 3351 3050 3391 annorum
3102 3334 3219 3389 dies
3271 3336 3625 3385 accrescunt.
3648 3325 3777 3381 Ideo

2189 3444 2315 3484 cum
2365 3430 2606 3484 nondum
2656 3430 2902 3499 expletus
2939 3435 3023 3483 est
3063 3426 3353 3482 vicesimus
3407 3431 3644 3477 octavus
3676 3435 3773 3471 an-

2192 3536 2320 3584 nus,
2370 3520 2579 3575 nullam
2629 3521 2685 3574 in
2734 3533 3025 3574 commune
3076 3517 3372 3588 symbolam
3405 3513 3645 3568 confert.
3676 3510 3778 3564 γε-

2192 3629 2312 3667 rum
2344 3613 2471 3683 quia
2504 3618 2628 3682 post
2656 3612 2928 3668 bisextum
2959 3610 3172 3680 incipit,
3197 3608 3319 3663 ideo
3351 3605 3633 3660 bisextilis
3658 3604 3780 3672 ipse

2193 3705 2313 3759 dies
2344 3704 2488 3759 cedit
2512 3706 2568 3758 in
2614 3717 2905 3759 summam.
2958 3699 3251 3770 Propterea
3302 3697 3455 3751 nullo
3494 3695 3776 3752 detractu.

2196 3796 2253 3851 Iit
2285 3796 2561 3868 cyclorum
2604 3794 2847 3848 omnium
2895 3792 3111 3847 divisio.
3163 3789 3275 3843 [lac
3312 3785 3575 3841 methodo
3603 3786 3783 3839 utitur

2195 3886 2416 3943 Isaacus
2445 3892 2689 3959 Argyrus
2732 3887 2911 3956 capite
2962 3883 3053 3939 llI.
3121 3881 3403 3937 Postremo
3467 3894 3577 3932 nec
3643 3878 3783 3930 illud

2197 3981 2477 4046 omittam;
2512 3979 2618 4035 etsi
2653 3978 2900 4034 Romano
2931 3991 3082 4031 more
3140 3973 3409 4029 bisextilis
3443 3971 3567 4025 dies
3622 3970 3786 4023 intin-

2196 4073 2359 4127 datur
2390 4072 2530 4125 inter
2572 4085 2702 4123 xxxv
2756 4076 2813 4123 et
2863 4084 2968 4121 xxv
3012 4062 3330 4128 Februarii;
3383 4062 3633 4131 indeque
3665 4061 3782 4115 Ro-

2198 4180 2360 4219 mano
2384 4165 2488 4218 ritu
2527 4177 2665 4217 nova
2694 4161 2873 4217 littera
2896 4158 3187 4225 succedat;
3214 4156 3578 4211 nihilominus
3626 4153 3785 4208 Isaa-

2199 4271 2323 4311 cum
2348 4255 2651 4310 bisextilem
2677 4252 2820 4309 diem
2842 4267 2968 4307 eum
2995 4259 3213 4321 putare,
3246 4248 3335 4328 qui
3359 4255 3446 4301 est
3471 4245 3786 4299 vicesimus

2200 4361 2400 4409 nonus,
2430 4354 2483 4400 et
2508 4346 2765 4411 ultimus;
2793 4344 2869 4397 uti
2895 4348 3094 4413 quarto
3117 4339 3295 4409 capite
3326 4338 3599 4398 declarat,
3630 4337 3785 4405 quod

2200 4447 2254 4492 et
2277 4437 2413 4492 alios
2451 4436 2774 4491 observasse
2826 4433 3197 4497 meminimus,
3228 4431 3336 4483 imo
3387 4428 3459 4480 ab
3489 4427 3787 4481 nonnullis

524 4529 626 4584 riis
648 4527 716 4582 ad
747 4526 1019 4582 bisextum
1049 4532 1371 4594 usurpatur;
1393 4523 1663 4595 posterior
1706 4522 1830 4577 inde
1876 4522 1942 4576 ad
1980 4537 2098 4576 ver—
2127 4528 2173 4586 υ
2200 4530 2255 4582 in
2293 4527 2544 4581 Martium
2576 4541 2698 4582 esse
2742 4524 3085 4580 translatum.
3120 4519 3195 4576 De
3245 4534 3354 4590 quo
3385 4517 3506 4572 vide
3537 4534 3668 4587 qua:
3716 4519 3787 4570 li-

524 4628 728 4672 tentem
779 4631 1003 4671 annum.
1046 4615 1259 4685 Epactae
1307 4630 1405 4683 per
1434 4621 1608 4667 totum
1665 4613 1879 4682 cyclum
1933 4612 2093 4666 annis

524 4710 757 4781 singulis
802 4717 1166 4779 congruentes
1220 4706 1482 4761 describit
1530 4705 1800 4758 Maximus
1856 4702 1912 4756 in
1951 4710 2092 4766 rota,

524 4817 687 4872 quam
739 4802 920 4871 capite
978 4800 1156 4870 primo
1203 4798 1529 4867 posuimus:
1567 4811 1667 4850 nec
1713 4792 1947 4849 diiIicilis
2013 4801 2096 4848 est

525 4896 833 4951 tnethodus.

594 4988 853 5055 Quamvis
920 4995 1100 5041 autem
1156 4985 1422 5061 Maximus
1482 4992 1708 5048 annum,
1774 4981 2095 5052 cyclumque

524 5084 760 5135 solarem
820 5080 889 5134 ab
942 5077 1113 5147 Aprili
1176 5076 1420 5145 incipiat,
1486 5085 1540 5129 et
1588 5072 1882 5128 Januarius
1946 5087 2097 5125 men—

525 5178 602 5230 sis
629 5175 877 5228 decimus
897 5173 990 5237 sit,
1027 5171 1081 5224 in
1117 5169 1329 5224 ratione
1378 5178 1555 5223 tamen
1610 5168 1715 5221 τῶν
1761 5170 2095 5238 ήμεροευρε-

528 5267 643 5319 σίου
671 5267 725 5320 in
762 5265 865 5319 hoc
901 5279 1107 5325 mense,
1132 5272 1182 5316 et
1208 5262 1425 5316 duobus
1471 5259 1827 5328 sequentibus
1873 5265 2097 5327 epactas

527 5359 758 5414 assumit
783 5357 903 5426 ejus
938 5356 1063 5410 anni
1101 5397 1116 5421 ,
1153 5354 1246 5423 qui
1277 5369 1452 5408 novus
1485 5352 1554 5406 ab
1604 5351 1769 5421 Aprili
1810 5349 2093 5405 succedit:

525 5453 601 5502 uti
629 5450 808 5519 capite
838 5447 954 5501 XIX
987 5448 1271 5518 signiﬁcat.
1304 5445 1653 5514 Exemplum:
1686 5457 1861 5497 annus
1905 5441 2097 5496 Adami

526 5542 669 5595 6155
693 5542 816 5595 iniit
846 5557 876 5593 a
906 5540 1165 5595 Kalendis
1188 5539 1465 5608 Aprilibus
1498 5536 1625 5589 anni
1655 5534 1858 5589 Christi
1899 5547 2095 5596 IochI,

527 5653 541 5681 ‹
561 5631 682 5701 yclo
716 5630 960 5685 Romano
994 5632 1271 5695 v1,littera
1304 5628 1367 5683 G.
1402 5628 1600 5699 Cyclus
1629 5641 1759 5695 ergo
1782 5625 2098 5680 Constanti-

528 5725 877 5793 nopolitanus
911 5726 957 5777 ei
992 5722 1366 5793 respondens:
1409 5720 1602 5776 iisdem
1658 5719 1918 5774 Kalendis
1951 5716 2091 5770 iniit.

532 5816 712 5879 {hiare
742 5814 1021 5879 Januario,
1049 5813 1366 5878 l‘cbruario,
1407 5828 1467 5865 ac
1493 5811 1683 5864 Martio
1705 5811 1880 5864 locum
1920 5808 2095 5863 adhuc

2196 4619 2296 4673 bro
2322 4616 2418 4682 IV,
2451 4633 2571 4687 cap.
2602 4614 2722 4679 XII,
2757 4614 2827 4668 ad
2872 4612 3061 4668 Galeni
3093 4611 3272 4666 locum
3309 4607 3512 4662 ibidem
3566 4604 3791 4660 descri-

2199 4718 2352 4778 ptum
2383 4706 2890 4777 animadvertimus.

2778 4816 3005 4874 CAPUT
3041 4813 3176 4868 VIII.

2205 4912 2523 4978 Explicatur
2543 4899 2814 4978 memorias
2836 4907 2984 4978 luua:_
3006 4905 3061 4957 in
3098 4913 3339 4978 computo
3360 4898 3622 4959 Maximi,
3680 4899 3791 4978 sive

2277 4969 2660 5034 Alexandrino.
2696 4974 2916 5045 Epactw
2968 4974 3126 5037 (ante,
3175 4971 3509 5040 ejusdemque
3569 4969 3792 5035 regula-

2269 5069 2372 5115 res,
2403 5062 2452 5105 et
2482 5049 2757 5102 ambarum
2778 5045 3103 5115 propagatio.

2269 5166 2377 5222 Pro
2425 5164 2654 5220 diversis
2711 5160 3024 5216 Graecorum
3089 5156 3213 5211 teris
3278 5169 3343 5208 ac
3397 5154 3688 5222 computis
3718 5154 3789 5207 ab

2200 5258 2331 5311 orbe
2368 5256 2609 5319 condito,
2634 5255 2771 5307 varii
2807 5253 2991 5307 itidem
3023 5249 3161 5321 cycli
3191 5252 3320 5303 sunt
3354 5245 3488 5300 solis
3512 5260 3582 5297 ac
3606 5245 3786 5300 lunae:

2198 5356 2626 5419 epactarumqne
2706 5341 3134 5414 colligendarum
3210 5338 3363 5391 varia
3430 5334 3785 5389 methodns:

2200 5455 2365 5510 quam
2397 5439 2465 5493 ad
2512 5439 2751 5503 unicam,
2804 5437 3216 5506 simplicemque
3275 5429 3527 5498 redigere
3560 5427 3788 5497 potuis-

2201 5541 2350 5595 sent;
2385 5530 2429 5584 si
2466 5529 2534 5582 ad
2593 5529 2861 5582 labentem
2917 5536 3122 5579 annum
3170 5519 3410 5589 computi
3448 5518 3536 5573 sui
3569 5518 3788 5586 aliquot

2202 5635 2374 5675 annos
2396 5619 2686 5682 adderent;
2735 5631 2835 5672 nec
2864 5632 2985 5672 eam
3041 5611 3486 5670 commoditatem
3518 5608 3785 5677 persequi

2201 5711 2441 5776 mallent,
2469 5721 2527 5763 ut
2564 5725 2685 5764 serae
2727 5725 2838 5764 suae
2864 5721 3073 5763 summa
3103 5719 3198 5774 per
3249 5702 3530 5772 cyclorum
3586 5713 3789 5752 nume-

2203 5820 2325 5859 rum
2378 5803 2695 5870 distributa,
2757 5800 3008 5874 proprius
3073 5796 3339 5867 cujusque
3396 5792 3526 5847 anni
3593 5791 3790 5864 cyclus
