4022 6398
329 390 462 447 I429

1264 389 1724 449 DISSERTATIO
1762 390 1851 447 DE
1887 389 2299 448 CRECORUM
2331 387 2533 445 IERIS.

3419 387 3436 441 I
3448 386 3551 444 450

326 513 629 562 exsisteret.
663 504 734 562 Ut
770 508 827 563 in
855 506 1104 565 Romano
1129 518 1388 580 computo
1414 527 1537 568 erae
1562 511 1793 579 Christi,
1815 512 1885 567 ad
1913 518 1961 576 Α
2059 510 2217 578 Quod
2264 517 2447 566 autem
2491 509 2549 564 in
2589 506 2660 564 IX
2707 506 2784 562 De
2828 506 3069 562 doctrina
3117 515 3427 575 temporum,
3456 520 3549 559 ea-

325 598 597 670 cyclorum
622 606 1042 671 epactarumque
1066 601 1402 668 methodum,
1417 604 1679 660 unitatem
1705 604 1891 674 adjici-

324 701 443 741 mus
468 707 489 755 ;
516 702 692 758 neque
724 690 872 746 solos
917 706 1040 746 serae
1087 706 1261 749 annos
1296 693 1635 750 adhibemus.
1692 695 1753 749 In
1778 709 1889 765 quo

323 768 498 826 Latini
550 789 742 833 omnes
786 779 1154 835 consentiunt.
1185 781 1244 836 In
1274 782 1436 839 annis
1482 799 1615 838 vero
1670 785 1883 850 mundi,

321 863 537 918 tametsi
569 881 823 938 magnum
870 868 1015 924 inter
1054 871 1418 945 chronologos
1454 873 1752 930 discrimen
1802 875 1887 930 in-

320 955 593 1023 tercedat;
651 972 716 1013 ac
770 959 932 1030 longe
959 961 1144 1032 plures
1173 964 1296 1020 aliis
1336 965 1428 1019 alii
1458 972 1777 1031 numerent;
1817 966 1886 1022 de

325 1046 494 1116 cyclis
550 1056 752 1115 tamen,
806 1054 1125 1125 epactisque
1173 1071 1364 1114 omnes
1422 1057 1567 1114 inter
1598 1074 1659 1114 se
1687 1074 1884 1115 conve-

318 1135 477 1190 niunt
502 1152 516 1189 :
539 1138 683 1208 quod
707 1140 800 1209 qui
830 1142 1071 1212 plurium
1123 1158 1388 1201 annorum
1416 1162 1686 1203 summam
1732 1147 1885 1204 insti-

318 1233 499 1295 tuunt,
518 1229 586 1283 ad
604 1230 819 1285 illorum
845 1233 1157 1290 methodum
1175 1244 1572 1310 competentem
1592 1254 1880 1294 numerum

317 1319 604 1388 adjiciunt,
625 1321 704 1376 sic
734 1331 791 1376 ut
825 1338 1036 1379 summa
1056 1342 1154 1396 per
1179 1328 1362 1399 cyclos
1391 1330 1632 1401 integros
1682 1331 1878 1398 divisa,

314 1409 476 1463 iidem
529 1410 827 1466 labentium
865 1415 994 1469 anni
1023 1417 1302 1488 cyclorum
1320 1421 1463 1490 apud
1485 1437 1677 1479 omnes
1702 1424 1884 1479 orian-

314 1506 420 1554 tur.
453 1499 697 1572 Exempli
730 1518 923 1570 causa;
963 1523 1067 1563 nos
1100 1510 1169 1566 ab
1185 1511 1317 1567 orbe
1341 1512 1560 1569 condito
1586 1515 1655 1570 ad
1676 1531 1878 1571 annum

314 1591 545 1662 primum
569 1608 690 1648 aerae
719 1598 1026 1654 communis
1048 1608 1305 1670 putamus
1335 1618 1511 1661 annos
1527 1606 1688 1673 5984,
1723 1607 1796 1662 ita
1819 1615 1879 1663 ut

316 1684 539 1743 ultimus
587 1687 660 1741 sit
706 1688 815 1755 ille,
868 1707 1028 1761 quem
1083 1694 1317 1761 primum
1368 1695 1576 1754 Christi
1620 1698 1873 1757 facimus.

311 1772 470 1831 A'lius
494 1790 667 1832 annos
691 1790 946 1836 numerat
981 1783 1142 1849 5950,
1171 1794 1232 1839 ιιι
1257 1786 1522 1859 Scaliger.
1558 1787 1617 1844 Si
1648 1806 1749 1846 nos
1778 1807 1876 1862 op-

1993 600 2105 672 pite
2132 599 2200 667 Y,
2226 599 2561 657 credidimus
2623 598 2913 654 Maximum
2952 598 3196 653 lunarem
3250 597 3547 668 προήγεσιν

1987 692 2241 749 olfecisse
2267 692 2377 747 diei
2402 691 2563 748 unius
2586 705 2617 745 a
2641 690 2849 746 Nicaeni
2873 690 3092 746 concilii
3116 698 3379 761 tempore,
3401 688 3548 759 quod

1985 798 2250 840 canonem
2277 782 2456 837 aetatis
2483 782 2644 849 lunae,
2671 788 2833 851 atque
2846 786 3158 851 epactarum
3173 779 3549 835 constituisset

1986 872 2042 927 in
2075 888 2184 927 xxx
2216 871 2416 939 Martii,
2465 886 2576 927 non
2638 871 2694 927 in
2740 886 2904 939 xxxi;
2932 870 3012 926 uti
3043 885 3256 940 aequum
3304 876 3443 936 erat,
3472 868 3543 935 ,εἰ

1983 966 2201 1037 quidem
2232 965 2439 1037 epocba
2471 964 2600 1038 anni
2632 966 2687 1020 in
2715 964 2972 1022 Kalendis
3002 964 3207 1035 Aprilis
3236 963 3306 1019 ab
3344 978 3410 1018 eo
3456 964 3545 1017 de-

1984 1055 2186 1129 ligitur,
2212 1058 2352 1113 scito
2377 1070 2622 1113 errorem
2652 1071 2796 1121 esse,
2828 1072 2991 1127 quem
3041 1056 3339 1126 depravata
3370 1052 3544 1110 Scali-

1982 1148 2097 1219 geri
2145 1148 2310 1204 lectio
2356 1149 2518 1205 nobis
2567 1149 2797 1220 peperit,
2833 1147 2926 1219 qui
2957 1149 3011 1202 in
3057 1145 3274 1217 Eclogis
3321 1143 3542 1199 Maximi

1982 1239 2128 1310 (pag.
2158 1239 2304 1311 759),
2328 1256 2466 1311 quas
2491 1240 2557 1296 ad
2592 1254 2748 1295 suam
2778 1246 3015 1295 mentem
3046 1237 3413 1310 interpolavit,
3442 1250 3544 1291 nec

1981 1332 2173 1387 iisdem
2208 1333 2355 1389 illius
2380 1333 2560 1389 verbis
2587 1333 2892 1402 exprimere
2929 1333 3164 1396 curavit,
3215 1332 3539 1401 scripserat;

1991 1423 2055 1476 'H
2086 1424 2318 1477 ποσταία
2344 1425 2444 1495 τῆς
2475 1423 2702 1495 σελήνης
2720 1423 2776 1476 ἐν
2801 1425 2867 1493 τῇ
2902 1422 3153 1493 τριακάδι
3172 1421 3264 1475 τοῦ
3296 1421 3541 1492 Μαρτίου

1980 1514 2168 1585 μηνός,
2195 1525 2298 1570 etc.
2331 1515 2395 1569 Ἠ
2425 1515 2485 1569 δὲ
2513 1514 2745 1568 ποσταία
2771 1514 2867 1584 τῆς
2911 1514 3201 1585 ἑϐδομάδος
3252 1512 3393 1568 κατὰ
3443 1514 3541 1584 τὴν

1976 1605 2246 1676 τριακάδα
2275 1605 2498 1678 πρώτην
2552 1605 2643 1659 τοῦ
2673 1604 2835 1658 αὑτοῦ
2892 1606 3080 1677 μηνὸς,
3111 1604 3211 1668 τὰς
3237 1603 3334 1658 τοῦ
3366 1604 3537 1674 ἡλίου.

1980 1692 2083 1750 Sed
2116 1711 2421 1765 perperam.
2449 1693 2588 1748 Nam
2622 1695 2974 1751 scribendum
3032 1693 3279 1766 τριακάδι
3324 1693 3535 1767 πρώτῃ.

1981 1783 2206 1857 Sumpta
2231 1797 2315 1843 est
2354 1787 2469 1842 haec
2496 1788 2681 1858 ecloga
2702 1801 2769 1841 ex
2795 1786 2973 1857 capite
2997 1785 3167 1840 XXXI
3195 1786 3386 1858 primae
3412 1800 3538 1856 paro

310 1868 621 1935 portunitas
653 1870 756 1924 ista
778 1874 1088 1943 delectaret,
1121 1883 1183 1931 ut
1228 1893 1292 1933 ea
1318 1894 1552 1949 summa,
1595 1897 1760 1952 quam
1807 1884 1874 1939 ab
1906 1875 1948 1934 Β
1974 1882 2046 1936 tis
2068 1880 2321 1951 Computi
2346 1899 2360 1935 :
2390 1881 2444 1935 in
2465 1895 2574 1951 quo
2595 1880 2694 1945 ita,
2727 1887 2788 1933 ut
2808 1879 2940 1946 dixi,
2964 1878 3180 1950 legitur.

312 1957 519 2015 Adamo
547 1962 855 2031 delinimus,
878 1969 1103 2037 praecise
1126 1969 1440 2039 distributa,
1459 1974 1595 2045 cycli
1628 1975 1875 2034 labentes

308 2047 648 2108 edicerentur
685 2074 699 2110 :
732 2058 891 2114 annis
942 2059 1083 2115 5984
1107 2077 1204 2132 per
1233 2063 1304 2117 28
1348 2067 1585 2136 partitis,
1627 2069 1873 2139 reliquus

307 2149 456 2196 esset
484 2146 672 2215 cyclus
691 2149 824 2204 solis
854 2165 986 2218 vm;
1012 2167 1111 2221 per
1145 2154 1213 2208 19
1256 2172 1388 2212 vero
1418 2157 1643 2226 divisis;
1687 2162 1872 2231 cyclus

307 2232 451 2290 lunae
474 2253 595 2303 xm,
628 2240 710 2296 sic
732 2257 801 2296 ex
823 2242 1091 2300 divisione
1123 2261 1391 2303 annorum
1413 2250 1573 2316 5950,
1613 2253 1747 2309 solis
1781 2270 1872 2311 es-

304 2334 388 2382 set
420 2331 606 2400 cyclus
640 2349 699 2397 u,
739 2335 881 2392 lunae
910 2353 1043 2395 xvu.
1068 2340 1138 2394 At
1164 2349 1282 2396 erat
1313 2341 1595 2400 Romanus
1627 2348 1760 2404 solis
1787 2363 1873 2421 cy-

305 2418 423 2475 clus
445 2437 499 2485 x,
533 2423 744 2482 lunaris
776 2443 837 2492 ιι,
862 2443 1006 2485 anno
1028 2431 1207 2502 primo
1252 2449 1375 2489 terte
1410 2434 1760 2505 Christianae,
1811 2441 1867 2496 in

303 2525 463 2579 quem
489 2514 704 2584 utrique
731 2521 1131 2589 conspiramus.
1183 2522 1355 2595 Igitur
1379 2527 1447 2582 ad
1475 2530 1744 2588 eruendas
1775 2548 1871 2604 cy-

298 2602 438 2667 clos,
477 2602 717 2677 Scaliger
742 2608 776 2663 8
806 2610 956 2666 addit
983 2613 1050 2668 ad
1080 2629 1386 2686 summam;
1418 2627 1478 2674 ut
1507 2620 1650 2677 5958
1678 2638 1777 2694 per
1797 2602 1867 2680 28

300 2695 516 2762 partitis
546 2699 733 2769 cyclus
766 2702 898 2760 solis
918 2703 1311 2774 inveniaturx;
1353 2711 1424 2765 ad
1440 2712 1687 2769 lunarem
1713 2731 1862 2782 vero,

297 2784 570 2856 4adjicit;
615 2799 673 2844 ut
714 2792 855 2849 5954
886 2810 983 2866 per
1025 2797 1091 2852 19
1122 2799 1364 2867 tributis,
1417 2806 1649 2862 exsistat
1669 2810 1860 2880 cyclus

298 2876 442 2933 lunae
467 2896 525 2936 ιι.
550 2881 659 2940 Nos
685 2886 752 2942 ad
776 2889 1089 2945 methodum
1111 2893 1251 2963 cycli
1277 2895 1475 2953 solaris
1502 2876 1793 2969 adjicimus
1807 2903 1861 2971 2,

220 3030 227 3043 .
299 2969 366 3022 ad
402 2970 544 3027 lunae
565 2976 799 3044 cyclum.
836 2979 890 3034 8.
920 2978 999 3036 Ita
1047 2983 1239 3040 divisis
1270 2987 1430 3043 annis
1456 2989 1597 3046 5986
1642 3008 1740 3062 per
1769 2969 1859 3061 28,

299 3062 577 3118 residuum
624 3068 730 3122 erit
776 3071 864 3133 10,
904 3088 1001 3143 per
1031 3074 1099 3130 19
1127 3085 1308 3133 autem
1335 3079 1530 3137 divisis
1560 3083 1722 3150 5992,
1773 3102 1862 3143 re-

297 3161 444 3208 stant
468 3154 522 3210 2.
552 3154 1079 3219 Sicincommodam
1120 3167 1271 3222 illam
1317 3173 1594 3241 cyclorum
1626 3177 1859 3233 varieta-

2048 1971 2150 2026 Hic
2187 1972 2343 2027 bidui
2386 1970 2632 2028 delectus
2665 1987 2761 2042 per
2789 1979 2966 2026 totum
2998 1973 3211 2043 cyclum
3243 1973 3386 2026 lunae
3415 1986 3536 2027 ser-

1974 2063 2089 2131 pit;
2115 2068 2171 2117 et
2198 2070 2404 2133 epactae
2427 2068 2689 2133 perpetuo
2716 2061 2930 2118 duobus
2960 2064 3200 2119 minores
3225 2070 3352 2119 sunt
3372 2077 3536 2132 quam

1970 2153 2250 2210 Romanae.
2294 2153 2540 2225 Exempli
2580 2170 2769 2221 causa,
2815 2155 2969 2227 cyclo
3015 2171 3105 2210 xiv
3146 2164 3350 2223 epaclae
3386 2169 3538 2207 com-

1969 2261 2164 2303 munes
2201 2253 2330 2302 sunt
2373 2261 2448 2313 ιν,
2504 2245 2737 2303 Maximo
2776 2264 2835 2314 ιι,
2881 2255 2941 2301 ut
2977 2248 3055 2301 ait
3093 2247 3269 2317 capite
3317 2244 3531 2300 XXVII.

1966 2334 2144 2405 Atque
2191 2334 2307 2390 haec
2347 2344 2664 2406 epactarum
2700 2336 3012 2409 progressio
3048 2336 3317 2391 naturalis
3348 2344 3454 2401 est,
3482 2345 3535 2390 et

1967 2433 2283 2496 epactarum
2340 2442 2653 2498 germanam
2694 2429 3066 2485 conditionem
3110 2427 3304 2484 retinet
3354 2446 3368 2482 :
3415 2444 3534 2498 quae

1967 2524 2051 2572 est
2093 2517 2383 2586 ejusmodi,
2428 2526 2489 2573 ut
2530 2518 2754 2575 totidem
2812 2520 3045 2591 quilibet
3094 2534 3270 2574 annus
3311 2527 3533 2590 epactas

1966 2610 2186 2676 habeat,
2209 2619 2343 2682 quot
2369 2619 2499 2667 sunt
2521 2611 2728 2669 residui
2758 2611 2878 2669 dies
2910 2627 2941 2666 a
2968 2613 3255 2668 neomenia
3288 2613 3533 2683 proxime

1966 2701 2318 2759 antecedente
2351 2703 2419 2758 ad
2449 2707 2578 2758 anni
2613 2710 2795 2774 caput.
2824 2703 2989 2774 Cyclo
3027 2700 3167 2758 lun'ae
3191 2719 3302 2768 xiv,
3330 2702 3529 2758 Kalen-

1964 2791 2051 2848 dis
2091 2792 2294 2864 Aprilis
2336 2795 2465 2849 luna
2514 2793 2731 2851 Nicasna
2778 2795 2883 2850 fuit
2916 2795 3100 2852 tertia.
3147 2794 3288 2867 Ergo
3327 2803 3529 2865 epactas

1963 2886 2160 2942 merito
2198 2894 2329 2942 sunt
2371 2887 2426 2941 2.
2465 2885 2524 2943 In
2551 2888 2799 2943 Romano
2844 2895 3100 2959 computo
3144 2887 3387 2958 vulgaris
3416 2904 3527 2961 me-

1962 2977 2163 3034 thodus
2195 2979 2231 3035 4
2260 2988 2532 3035 numerat.
2565 2979 2641 3037 De
2668 2995 2776 3052 qua
2809 2981 2932 3036 vide
2960 2981 3058 3037 lib.
3088 2978 3157 3034 VI
3189 2979 3266 3035 De
3286 2979 3526 3036 doctrina

1965 3075 2271 3139 temporum,
2289 3086 2409 3142 cap.
2430 3070 2619 3127 XXIII.

2031 3165 2361 3235 Epactarum
2430 3166 2878 3223 inveniendarum
2957 3167 3246 3224 methodus
3310 3169 3427 3223 haec
3496 3184 3524 3222 a

295 3250 404 3297 tem
434 3243 757 3305 Latinorum
789 3257 1030 3325 computi
1061 3259 1130 3313 ab
1146 3261 1279 3317 orbe
1313 3216 1557 3330 condito,
1614 3282 1678 3323 ac
1704 3269 1862 3326 chro-

1971 3216 2931 3329 na}?.1{.;'c;;ue'ii€iif3.51m
2958 3278 2975 3327 ;
3018 3261 3233 3332 cyclum
3263 3261 3406 3316 luna:
3432 3278 3520 3331 per

295 3337 528 3408 nologiae
560 3341 844 3400 devitant:
877 3363 1041 3418 quam
1093 3349 1326 3409 Graeculi
1371 3357 1536 3415 nimis
1578 3362 1864 3421 ambitiose

294 3430 595 3484 consectati
628 3439 776 3489 sunt.
1861 3461 1865 3464 ’

359 3516 497 3573 Cum
535 3519 644 3578 duo
670 3524 780 3580 sint
815 3523 1127 3586 Graecorum
1169 3544 1552 3606 computorum
1604 3540 1856 3610 divortia,

293 3615 350 3661 ut
373 3625 512 3681 saepe
560 3614 721 3671 nobis
777 3632 1005 3676 necesse
1037 3633 1121 3678 est
1146 3634 1428 3696 repetere;
1463 3637 1517 3685 et
1570 3633 1859 3705 utriusque

289 3699 564 3773 principes
591 3704 696 3760 hoc
735 3708 790 3762 in
818 3724 983 3780 opere
1010 3728 1041 3767 a
1070 3715 1231 3771 nobis
1258 3719 1390 3773 editi
1417 3721 1547 3786 duo,
1585 3699 1856 3785 Maximus

288 3796 343 3845 et
373 3789 623 3857 Isaacus;
675 3811 740 3852 ex
790 3809 1024 3871 utroque
1084 3805 1460 3878 depromptam
1518 3813 1855 3885 singulorum

288 3882 552 3939 rationem
577 3889 768 3956 paucis
797 3893 1228 3965 explicabimus;
1267 3916 1329 3955 ac
1357 3904 1588 3972 primum
1612 3906 1850 3966 Maximi.

286 3972 341 4028 I-s
369 3974 794 4035 Alexandrinam
850 3999 1013 4039 atram
1062 3991 1337 4059 sequitur;
1390 3994 1445 4049 in
1503 4012 1610 4067 qua
1646 4000 1853 4069 primus

286 4075 463 4122 annus
479 4084 599 4124 aera:
615 4070 937 4130 Christianae
956 4089 1276 4135 numeratur
1301 4082 1440 4140 5495
1466 4100 1478 4136 :
1503 4103 1609 4157 qua
1638 4105 1853 4145 summa

287 4168 385 4222 per
410 4156 480 4211 28
505 4158 682 4214 divisa
711 4164 899 4233 cyclus
939 4164 1171 4222 ellicitur
1210 4170 1343 4227 solis
1375 4188 1407 4227 v
1430 4213 1444 4237 ,
1476 4156 1573 4244 per
1620 4178 1686 4233 19
1721 4194 1850 4233 vero

284 4247 480 4315 partita
532 4251 673 4307 lunae
722 4256 911 4325 cyclus
955 4256 1014 4311 2.
1069 4258 1198 4314 Erat
1235 4270 1414 4318 autem
1447 4263 1725 4325 Romanus
1758 4287 1850 4343 cy-

281 4338 401 4395 clus
425 4341 557 4397 solis
588 4359 640 4407 x,
672 4345 814 4401 lunae
844 4363 905 4404 ιι.
938 4347 1108 4420 Igitur
1137 4353 1323 4423 cyclus
1352 4356 1487 4413 solis
1512 4359 1566 4412 in
1606 4360 1709 4416 hac
1737 4338 1846 4416 trra

280 4424 515 4498 primus,
542 4444 626 4490 est
654 4436 886 4494 Romani
914 4443 1049 4513 cycli
1076 4458 1152 4507 v1,
1204 4444 1416 4503 lunaris
1446 4466 1580 4505 vero
1637 4454 1846 4509 utrobi-

279 4538 385 4591 que
418 4541 560 4582 unus
589 4534 692 4591 est,
727 4537 780 4585 ct
812 4531 977 4590 idem.
1022 4534 1244 4608 Epocba
1274 4540 1425 4603 anni,
1462 4542 1710 4613 cyclique
1756 4545 1842 4600 Iu-
1876 4555 1920 4609 Ι)

278 4615 428 4671 naris
484 4619 630 4687 (nam
664 4620 730 4676 de
764 4624 929 4679 solari
957 4626 1070 4695 jam
1102 4627 1361 4703 diximus)
1389 4647 1419 4686 a
1446 4632 1681 4688 Maximo
1727 4645 1841 4690 sta-

279 4704 454 4758 tuitur
484 4706 538 4760 in
567 4707 823 4767 Kalendis
847 4715 1071 4783 Aprilis.
1095 4716 1273 4788 Caput
1296 4721 1842 4781 enneadecaeteridos

277 4805 362 4851 est
385 4812 582 4854 aureus
609 4815 868 4858 numerus
893 4821 931 4858 ι.
951 4804 1245 4864 Neomenia
1262 4812 1461 4881 prima,
1483 4813 1660 4868 Martii
1677 4832 1840 4873 χχιιι.

277 4885 463 4976 Itaque
485 4904 627 4944 anno
654 4894 830 4961 primo
851 4897 988 4967 cycli
1045 4899 1277 4966 lunaris,
1321 4904 1582 4962 Kalendis
1638 4908 1841 4978 Aprilis

277 4973 404 5030 luna
426 4969 529 5032 fuit
554 4981 784 5039 decima.
828 4978 966 5041 Hinc
998 4997 1081 5043 est
1111 4992 1255 5060 quod
1296 4991 1564 5050 Maximus
1620 4969 1840 5067 epactas

275 5069 404 5122 anni
429 5072 591 5140 primi
610 5071 816 5132 lunaris
836 5094 888 5132 Ix
904 5078 1072 5136 fuisse
1101 5083 1295 5138 scribit
1316 5100 1435 5156 cap.
1470 5086 1682 5154 XXVII,
1711 5106 1842 5159 quo-

275 5159 419 5213 niam
455 5169 585 5219 aetas
626 5165 767 5220 lunae
817 5175 969 5222 tanta
1023 5171 1125 5227 fuit
1174 5172 1350 5230 Martii
1385 5194 1550 5243 χχχι,
1592 5182 1684 5250 qui
1719 5182 1838 5237 dies

274 5264 448 5307 canon
476 5261 563 5307 est
594 5264 907 5325 epactarum
937 5264 1070 5320 solis
1100 5280 1165 5319 ac
1199 5267 1359 5331 lunae,
1383 5279 1440 5324 ut
1473 5271 1610 5326 idem
1647 5275 1720 5327 ait
1753 5291 1841 5329 ca-

272 5341 381 5409 pite
429 5342 619 5401 XXXI.
655 5348 809 5433 Quod
867 5369 977 5409 non
1021 5357 1461 5415 animadvertens
1512 5361 1752 5433 Scaliger
1782 5369 1837 5419 in

269 5432 426 5493 Notis
451 5438 520 5493 ad
558 5428 790 5513 ECIOgas
815 5446 892 5517 (p.
924 5448 1025 5503 755
1069 5451 1203 5505 edit.
1252 5453 1375 5519 ult.)
1407 5428 1839 5527 Maximifputa-

270 5526 347 5580 vit
383 5528 633 5587 imminui
669 5535 883 5594 duabus
928 5541 1228 5600 unitatibus
1265 5561 1532 5601 summam
1574 5569 1587 5603 :
1618 5552 1764 5620 quod
1806 5569 1836 5606 a

269 5624 606 5690 temporibus
635 5624 838 5684 Christi
880 5631 1006 5685 luna
1038 5632 1262 5689 biduum
1292 5638 1671 5708 anticipasset,
1724 5660 1836 5713 quo

269 5710 406 5764 nihil
435 5712 738 5781 jocularius
767 5723 1068 5791 excogitari
1124 5725 1323 5795 potuit.
1363 5725 1468 5781 Sed
1503 5729 1568 5785 de
1604 5730 1705 5786 hoc
1742 5710 1835 5788 cr-

269 5814 390 5858 rere
426 5803 533 5869 iam
564 5808 719 5866 alias.
1125 5793 1169 5805 Ἰ

1964 3349 2217 3404 mdecim
2239 3350 2423 3406 ducito
2455 3369 2468 3406 :
2505 3366 2776 3407 summam
2802 3352 3016 3408 binario
3048 3353 3312 3408 minutam
3346 3353 3521 3409 divide

1961 3454 2058 3509 per
2086 3439 2177 3503 50,
2212 3440 2381 3497 habes
2411 3449 2631 3513 epactas
2664 3443 2815 3509 anni,
2851 3443 3009 3514 cujus
3037 3445 3224 3514 cyclus
3263 3445 3518 3514 multipli-

1960 3539 2117 3585 catus
2137 3537 2241 3586 est.
2266 3530 2433 3603 Cyclo
2461 3533 2602 3588 lunae
2628 3550 2739 3599 xiv,
2770 3533 2817 3589 si
2849 3533 2916 3587 I4
2946 3549 3043 3604 per
3080 3535 3143 3588 11
3170 3534 3518 3605 multiplices,

1959 3621 2089 3678 ﬁent
2117 3623 2239 3678 154.
2268 3622 2528 3680 Deductis
2549 3624 2605 3691 2,
2638 3639 2703 3679 ac
2726 3625 2945 3681 residuo
2969 3624 3071 3679 152
3103 3641 3198 3697 per
3223 3626 3293 3680 50
3319 3625 3516 3687 diviso,

1959 3722 2256 3784 supersunt
2293 3715 2349 3780 2,
2387 3725 2591 3787 cpactae
2621 3717 2759 3789 cycli
2798 3733 2912 3772 xrv.
2950 3715 3023 3772 Ut
3059 3732 3150 3772 res
3198 3723 3315 3773 tota
3349 3719 3512 3787 subji-

1957 3805 2133 3859 ciatur
2180 3806 2375 3873 oculis,
2414 3807 2668 3863 tabellam
2718 3809 3076 3878 ascribemus,
3108 3811 3163 3864 in
3197 3825 3304 3881 qua
3336 3813 3521 3882 cyclus

1955 3894 2167 3953 lunaris
2229 3896 2515 3968 adjunctas
2577 3899 2739 3954 habet
2799 3908 3022 3971 epactas
3074 3908 3185 3956 tam
3246 3901 3519 3957 Romanas

1954 3993 2007 4038 et
2026 3999 2366 4054 communes,
2390 4004 2552 4058 quam
2571 3988 2904 4057 decurtatas,
2929 4001 2981 4047 et
3005 3991 3222 4047 Maximi
3246 3994 3511 4063 proprias.

2357 4074 2697 4131 Laterculum
2731 4079 2863 4149 cycli
2891 4078 3116 4134 lunaris.

2241 4185 2382 4242 Anni
2557 4187 2773 4259 Epacta:
2808 4187 2917 4244 Ro—
2945 4188 3160 4261 Epactae
3183 4189 3367 4245 Maxi-

2638 4273 2811 4313 manat
3110 4262 3184 4315 mi

2091 4362 2105 4398 ι
2679 4349 2742 4402 11
3140 4349 3174 4404 9

2090 4429 2129 4467 ll
2675 4418 2748 4471 22
3100 4419 3182 4475 20A

2088 4500 2148 4537 ll
2716 4488 2752 4542 5
3138 4492 3165 4544 1

2091 4592 2142 4629 Iv
2681 4580 2751 4635 14
3107 4581 3184 4640 12

2085 4662 2118 4698 ν
2674 4651 2745 4705 25
3099 4653 3171 4710 25

2083 4732 2136 4770 vr
2716 4720 2751 4774 6
3137 4722 3173 4776 4

2080 4823 2157 4860 vn
2676 4809 2747 4863 17
3102 4812 3169 4864 15

2080 4891 2179 4931 γιιι
2676 4879 2747 4934 28
3090 4881 3162 4935 26

2078 4961 2134 4999 1x
2712 4950 2745 5003 9
3136 4952 3175 5003 7'

2078 5051 2108 5088 x
2671 5040 2743 5095 20
3096 5046 3169 5097 18,

2076 5120 2132 5158 ιι
2709 5110 2735 5169 1
3096 5114 3167 5169 29

2078 5191 2155 5230 xu
2676 5180 2746 5234 12
3099 5186 3168 5239 10

2078 5285 2171 5322 xm
2244 5283 2252 5294 ‘
2674 5272 2751 5327 25
3097 5277 3162 5330 21

2078 5355 2169 5393 xlv
2709 5342 2746 5397 4
3130 5348 3165 5399 2

2078 5425 2148 5463 xv
2672 5413 2739 5467 15
2944 5423 2948 5429 '
3093 5417 3162 5470 15

2079 5517 2167 5554 xvr
2675 5504 2751 5557 26·
3092 5508 3161 5561 24

2081 5587 2192 5624 xvu
2707 5574 2737 5626 7
3127 5578 3162 5633 5

2081 5657 2213 5699 xvnl
2679 5643 2744 5699 18
3093 5648 3158 5702 16

2081 5728 2170 5765 xix
2712 5715 2747 5768 0
3090 5718 3159 5772 28

2009 5824 2088 5882 Ex
2138 5826 2222 5885 his
2270 5837 2402 5887 mtas
2454 5832 2598 5888 luna:
2643 5847 2833 5890 mense
2875 5833 3139 5904 quolibet,
3175 5849 3239 5891 ac
3287 5835 3375 5893 die
3416 5836 3489 5893 dc-
