4022 6398
325 423 458 478 “35
1308 398 1771 476 DISSERTA'I'IO
1808 416 1898 471 DE
1933 415 2341 473 GRECORUM
2379 415 2584 480 AERIS.
3432 414 3571 469 M34

324 541 590 599 mensium
643 538 1006 603 Julianorum,
1058 538 1323 594 detractis
1368 540 1596 609 integris
1636 537 1893 609 syzygiis,
1925 544 1969 596 Α
2001 536 2277 604 contigit;
2335 549 2456 605 quae
2499 550 2598 604 per
2631 541 2879 602 epactam
2918 531 3020 598 ‘12,
3064 533 3342 601 regulares
3388 541 3571 603 poste-

323 635 540 706 acoipit.
585 631 814 704 Syzygia
850 632 1064 686 lunaris
1097 639 1183 686 est
1221 629 1434 685 dierum
1469 646 1602 684 xm
1633 630 1738 698 1/2
1771 627 1894 697 qui-
1997 631 2173 683 riores
2203 628 2258 690 7,
2295 642 2358 682 ae
2383 629 2482 698 τὴν
2518 625 2804 689 ποσταίαν,
2838 625 2888 679 id
2914 633 2998 678 est
3022 623 3139 679 dies
3161 625 3230 678 26
3259 623 3567 680 conticitUr.

321 729 426 783 bus
449 726 516 781 de
539 741 668 780 xxxr
694 724 966 788 deductis,
993 723 1250 778 restant!
1279 723 1384 794 1/2
1412 724 1464 776 in
1498 721 1796 780 Februario
1826 719 1892 773 ad
1994 721 2348 774 Noviluninm
2395 719 2590 773 incidit
2666 716 3003 785 Septembris
3048 731 3218 769 xxvm
3241 755 3256 779 ,
3309 716 3442 770 feria
3487 730 3566 770 t-n.

321 824 542 888 epactas
572 831 781 877 annuas
827 814 1083 870 addendi.
1114 814 1224 868 Sed
1266 829 1383 868 eam
1428 812 1740 867 methodum
1793 811 1896 870 mi-
1998 812 2154 868 Unde
2186 815 2314 866 luna
2348 813 2614 867 vicesima
2657 827 2802 864 nona
2847 809 3106 878 competit
3135 807 3384 863 Octobris
3416 825 3567 873 xxvr,

321 911 466 965 nime
521 910 684 976 vulgo
736 917 917 977 aptam
974 923 1094 962 esse
1151 922 1316 976 supra
1374 906 1708 960 monuimus.
1763 903 1887 957 ldeo
1996 906 2090 961 sed
2127 905 2467 959 neomeniam
2498 905 2706 973 putavit
2750 902 2967 956 lsaacus
3000 915 3028 952 a
3059 916 3189 954 xm
3221 900 3308 954 die
3332 900 3572 971 Septem-

319 999 552 1054 Romani
603 1015 950 1070 nequaquam
1011 1014 1074 1054 ea
1129 1005 1257 1053 sunt
1314 998 1422 1053 usi.
1488 997 1760 1064 Quocirca
1812 996 1891 1051 uti
1995 997 2129 1051 bris.
2180 997 2369 1066 Itaque
2412 997 2516 1049 tria
2573 995 2760 1064 adjicit
2801 1001 3009 1064 epactas
3055 993 3168 1056 29.,
3212 1001 3271 1046 ut
3324 993 3396 1048 sit
3435 994 3508 1049 25
3554 1011 3568 1045 :

319 1092 629 1146 Grmeorum
655 1091 1004 1162 epilogismos
1027 1091 1093 1144 ad
1116 1089 1891 1144 Kalendariinostratisusum
1994 1104 2116 1158 quae
2152 1103 2277 1142 cum
2327 1089 2540 1158 cpactis
2591 1087 2862 1141 mensium
2904 1085 2955 1148 7,
3000 1093 3054 1140 et
3087 1085 3158 1138 9.6
3184 1085 3377 1139 diebus
3407 1083 3572 1139 Octo-

319 1200 384 1238 ac
424 1184 751 1253 dispositum
786 1182 1283 1248 aecommodemus,
1330 1196 1452 1235 cum
1485 1182 1692 1250 epactis
1729 1195 1892 1249 regns
1993 1180 2109 1235 bris
2151 1180 2336 1234 lunam
2381 1179 2694 1248 producunt
2738 1178 3049 1231 vicesimam
3093 1184 3375 1240 octavam,
3420 1175 3570 1229 dem-

318 1277 460 1331 lares
483 1275 883 1345 componimus.
920 1273 1098 1328 Unum
1131 1281 1314 1327 tamen
1346 1271 1750 1334 observandum
1782 1281 1887 1335 est,
1993 1270 2102 1340 ptis
2155 1270 2243 1324 '50.
2301 1268 2412 1322 Cur
2478 1269 2582 1322 tria
2631 1268 2751 1322 haec
2795 1266 3086 1330 addantur,
3146 1279 3369 1318 causam
3421 1265 3572 1318 aﬂ'crl

318 1383 441 1422 cum
481 1367 634 1436 cyelo
675 1367 850 1422 lsaaci
889 1382 1021 1431 Ἄτη,
1053 1372 1273 1436 epactas
1301 1380 1418 1432 vm,
1451 1379 1562 1419 non
1598 1381 1701 1428 vn,
1735 1379 1888 1418 com-
1989 1361 2290 1432 jocularem
2319 1379 2333 1426 ;
2367 1363 2493 1432 quia
2537 1376 2662 1416 cum
2696 1361 2827 1413 luna
2863 1361 3021 1430 plena
3055 1368 3236 1414 creata
3272 1358 3345 1413 sit
3386 1374 3415 1410 a
3462 1357 3573 1411 Deo

317 1456 590 1528 parandas
637 1463 800 1522 esse;
833 1465 1037 1510 etcum
1091 1456 1244 1526 cyclo
1289 1469 1443 1520 xvnt,
1503 1461 1728 1522 epactas
1769 1468 1887 1513 xxx,
1993 1455 2083 1508 die
2140 1462 2360 1522 quarto,
2413 1453 2657 1508 triduum
2701 1461 2919 1522 oportet
2960 1452 3351 1506 antecessisse.
3399 1449 3572 1502 Porro

315 1565 428 1604 non
462 1564 620 1606 xvm.
669 1549 840 1618 Cujus
884 1549 1023 1603 ratio
1067 1563 1134 1602 ex
1183 1548 1427 1617 ὸποτομῇ
1475 1546 1618 1600 lunae
1659 1544 1892 1615 petenda
1994 1550 2147 1621 cyelo
2197 1551 2376 1620 primo
2421 1550 2767 1622 deprehensa
2814 1557 2901 1604 est
2953 1550 3084 1604 luna
3121 1550 3332 1604 decima
3379 1550 3571 1619 quinta

316 1647 401 1696 est
429 1657 445 1705 ;
491 1655 522 1693 a
559 1655 670 1710 qua
700 1640 862 1703 lunae,
893 1654 1051 1709 quem
1086 1647 1306 1700 vocant,
1337 1638 1514 1693 saltus
1561 1637 1760 1696 oritur.
1793 1633 1892 1690 Hie

1995 1642 2361 1706 Kalendarum
2394 1641 2683 1707 Januarii;
2734 1649 2938 1712 quanta
2993 1650 3113 1696 erat
3160 1657 3225 1696 eo
3274 1649 3569 1703 momento,

315 1732 460 1794 enim
501 1733 555 1786 in
600 1733 755 1802 cyelo
785 1730 1032 1786 Romano
1066 1746 1180 1793 χιι,
1215 1729 1538 1784 Latinorum
1573 1744 1664 1782 xv1
1709 1726 1890 1782 conti-
1993 1749 2102 1804 quo
2151 1744 2337 1789 creata
2375 1743 2479 1791 est,
2513 1734 2782 1801 Quoniam
2816 1749 2947 1804 ergo
2984 1735 3172 1804 eyolus
3199 1734 3408 1804 primus
3443 1747 3570 1802 epa.

314 1825 412 1894 git,
455 1825 535 1878 uti
584 1825 681 1880 lib.
728 1823 794 1876 Vl
837 1824 912 1877 De
955 1824 1195 1877 doctrina
1226 1834 1548 1890 temporum,
1584 1836 1708 1890 cap.
1748 1817 1892 1878 XV-ll
1924 1883 1964 1894 Α
1995 1835 2116 1882 etas
2165 1826 2327 1881 habet
2361 1827 2616 1882 undecim
2652 1843 2718 1882 ex
2759 1826 3017 1880 methodo
3044 1843 3060 1892 ;
3089 1826 3191 1880 hac
3227 1827 3440 1882 ratione
3471 1827 3569 1880 ﬁn-

314 1915 576 1972 diximus.
622 1915 853 1984 Propter
887 1915 1028 1969 hanc
1078 1915 1392 1985 ὑποτομὴν,
1442 1926 1646 1966 aureus
1692 1927 1886 1966 ttume-
1923 1883 1967 1942 Β
1995 1919 2144 1989 gitur
2186 1920 2529 1974 novilunium
2577 1919 2844 1978 incidisse
2894 1920 3150 1975 undecim
3204 1919 3396 1974 diebus
3445 1929 3570 1975 ante

311 2024 408 2063 rus
454 2025 548 2062 xix
581 2023 692 2061 uno
742 2008 830 2062 die
871 2008 1033 2062 situm
1074 2005 1370 2061 antevertit
1413 2005 1470 2059 in
1512 2004 1888 2074 descriptione
1988 2010 2269 2066 Kalendas
2305 2029 2318 2066 :
2359 2011 2558 2081 quibus
2590 2011 2756 2067 additi
2788 2020 2898 2066 tres
2924 2012 3000 2064 illi
3047 2011 3154 2082 πρὸ
3190 2010 3300 2064 τῶν
3336 2009 3568 2076 αἰώνων,

312 2100 543 2160 Romani
577 2099 911 2154 Kalendarii-
955 2098 1036 2153 0b
1071 2097 1123 2152 id
1159 2113 1267 2151 non
1301 2113 1376 2160 XI.
1408 2096 1501 2151 sed
1531 2113 1603 2150 XII
1637 2095 1886 2151 addenda
1987 2109 2048 2157 ut
2076 2111 2487 2173 computatores
2522 2103 2694 2158 Graeci
2739 2105 3068 2171 nominant;
3108 2103 3374 2158 decimam
3404 2104 3568 2173 quin-

311 2200 441 2248 sunt
474 2193 539 2246 ad
575 2200 817 2262 epactam
855 2191 980 2244 anni
1017 2189 1389 2244 antecedentis
1434 2204 1559 2242 XXVI
1589 2205 1604 2253 ;
1644 2197 1702 2241 ut
1758 2187 1886 2240 ﬁant
1988 2201 2098 2247 tam
2128 2187 2309 2248 lunam
2337 2195 2628 2251 conferunt
2655 2197 2706 2249 in
2725 2195 3000 2253 Kalendas
3023 2194 3330 2251 Januarias.
3363 2194 3569 2250 Idcirco

307 2301 404 2340 vnl
446 2296 652 2354 epactas
699 2283 829 2338 anni
865 2299 998 2348 xvn,
1031 2283 1234 2353 quibus
1265 2281 1470 2336 additis
1499 2297 1576 2344 χι,
1609 2279 1886 2335 exsistunt
1988 2286 2156 2344 trium
2179 2302 2394 2356 semper
2424 2287 2491 2342 ad
2515 2296 2742 2356 epactas
2774 2286 2832 2339 ῆι
2863 2286 3130 2342 accessio,

307 2384 512 2446 epactas
546 2392 637 2430 xu:
683 2376 812 2430 anni
848 2392 1001 2438 xvm,
1034 2377 1127 2446 qui
1155 2385 1240 2431 est
1285 2373 1563 2432 secundus
1599 2373 1740 2445 cycli
1778 2374 1886 2428 lto-
2060 2376 2186 2436 Haec
2223 2380 2365 2434 ratio
2408 2395 2479 2434 ne
2510 2379 2863 2435 astronomia:
2898 2379 3119 2448 quidem
3156 2385 3350 2449 tyrone
3381 2376 3566 2447 digna,

307 2466 455 2519 mani
506 2484 519 2519 :
564 2481 629 2520 ac
685 2466 903 2520 demum
961 2467 1188 2536 adjectis
1246 2483 1332 2538 ξι,
1395 2465 1531 2521 ﬁunt
1589 2472 1794 2534 epactas
1850 2465 1884 2519 0
1949 2476 2041 2546 _et
2093 2470 2503 2540 imperitissima
2535 2479 2638 2525 est.
2672 2470 2916 2525 Primum
2966 2471 3041 2524 ita
3075 2469 3358 2540 procedit,
3409 2471 3567 2540 quasi

309 2558 438 2616 anni
479 2575 596 2622 χιχ,
633 2559 725 2629 qui
768 2567 851 2614 est
891 2560 1087 2615 tertius
1127 2557 1363 2613 Romani
1401 2559 1562 2630 cycli.
1600 2557 1716 2612 Hoc
1756 2573 1885 2614 vero
1986 2563 2224 2618 mundus
2259 2561 2542 2618 Decembri
2581 2579 2771 2619 mense
2800 2564 3058 2619 conditus
3093 2563 3186 2626 sit,
3229 2563 3372 2634 quod
3408 2578 3568 2618 nemo

265 2691 270 2696 .
308 2649 487 2703 locum
531 2648 697 2704 habet
737 2650 794 2704 in
830 2665 1123 2705 aureorum
1166 2665 1522 2704 numerorum
1570 2648 1883 2718 dispositu;
1987 2653 2258 2709 hactenus
2293 2655 2553 2726 Opinatus
2588 2664 2692 2711 est.
2739 2654 2946 2710 Deinde
2990 2656 3245 2724 quamvis
3286 2655 3390 2709 hoc
3424 2655 3568 2709 ultro

307 2741 612 2809 rujusmodi
651 2748 736 2796 est
776 2742 830 2795 in
857 2749 1048 2797 nostro
1080 2741 1429 2797 Kalendario.
1461 2740 1602 2796 Nam
1647 2741 1696 2796 si
1726 2740 1887 2803 aliter
1986 2744 2355 2808 concedatur,
2422 2745 2596 2799 nihilo
2643 2746 2817 2815 magis
2865 2745 3114 2815 expediri
3170 2753 3371 2816 potest.
3423 2744 3560 2798 Nam

312 2831 653 2896 instituatur,
711 2831 818 2885 alia
848 2847 1067 2902 quoque
1096 2833 1202 2887 erit
1225 2831 1462 2885 ineunda
1492 2830 1652 2887 ratio.
1987 2835 2037 2890 si
2076 2851 2265 2891 verum
2316 2835 2472 2903 dicit,
2526 2838 2770 2906 oportuit
2807 2836 3065 2891 omnibus
3113 2845 3259 2892 retro
3310 2837 3564 2900 saeculis,

927 2963 1156 3021 CAPUT
1196 2964 1267 3019 Χ,
1988 2929 2240 2998 adeoque
2265 2929 2508 2986 Nicazno.
2538 2930 2780 2984 triduum
2804 2929 2936 2983 illud
2971 2929 3135 2998 adjici
3168 2948 3179 2984 :
3211 2929 3355 2998 quod
3385 2937 3564 2984 tamen

586 3083 599 3094 ,
847 3081 858 3096 ,
1275 3080 1286 3092 ,
1747 3077 1760 3095 ,
1986 3037 2214 3078 necesse
2259 3037 2367 3076 non
2408 3021 2552 3087 fuit;
2583 3023 2852 3091 siquidem
2891 3031 3097 3092 epacta:
3134 3021 3410 3092 simplices
3436 3028 3566 3074 aeta-

306 3081 382 3145 De
422 3082 599 3135 lunart
651 3097 999 3145 προηγησει,
1049 3090 1099 3134 et
1134 3090 1480 3138 termtnarum
1518 3095 1881 3145 μεταπτωσει.
1985 3125 2091 3145 ηπ,
2134 3116 2274 3145 ,mm
2319 3115 2781 3145 nummum“,
2855 3113 3122 3145 nmmum
3178 3114 3398 3145 ,MMM
3449 3113 3566 3145 ,nm

380 3102 382 3111 ν
422 3097 599 3135 tunart
651 3097 955 3152 προηγησει
983 3118 999 3143 ,
1049 3097 1099 3134 et
1134 3097 1480 3138 termmarum
1518 3097 1881 3150 μεταπτωσει.

380 3151 561 3206 Isaaci
605 3151 797 3220 Argyri
832 3149 1061 3220 ridicula
1103 3152 1266 3206 ratio.
1311 3151 1726 3216 Quartadecima
1772 3149 1884 3202 Pa-

1985 3125 2092 3170 tem
2133 3116 2274 3168 lunae
2319 3115 2806 3184 reprmsentabant.
2855 3113 3124 3168 Praeterea
3178 3114 3400 3170 lsaacus
3448 3113 3566 3183 ipse

373 3205 570 3277 scltalt's
621 3205 739 3274 cui“
761 3205 1110 3289 plenilunium
1157 3205 1396 3275 αἱεὰιῖν.
1454 3220 1638 3274 Isaaci
1680 3236 1884 3273 errores
1913 3229 1957 3291 (ζ
1988 3208 2167 3276 capite
2209 3205 2348 3270 XVI:
2385 3207 2478 3260 “bi
2509 3206 2575 3261 de
2613 3207 2824 3260 lunaris
2861 3221 2924 3260 ac
2963 3205 3161 3260 εοιίπίε
3204 3205 3332 3258 anni
3369 3205 3566 3258 aliud“

376 3295 556 3356 varii;
605 3292 977 3360 aequinoctium
1029 3291 1170 3361 falso
1208 3292 1273 3345 ab
1309 3291 1491 3346 eodem
1529 3291 1880 3345 observatum.

1989 3303 2212 3372 patione
2234 3302 2480 3364 disserit,
2523 3311 2710 3354 censet
2738 3298 2896 3353 annis
2925 3313 3100 3362 ecetv,
3140 3313 3248 3351 uno
3284 3297 3372 3351 die
3405 3313 3562 3367 syzy-

375 3383 924 3455 Hucusquelunarem
940 3385 1255 3439 methodum
1290 3384 1664 3454 expressimus
1682 3382 1884 3438 utrius-

1990 3395 2107 3464 gias
2167 3391 2436 3464 ἀκριϐεῖς,
2485 3391 2696 3456 civiles,
2743 3405 2810 3443 ac
2847 3389 3072 3442 minime
3119 3386 3367 3459 ἀκριϐεῖς
3415 3398 3557 3440 ante-

304 3493 408 3547 (ιιιθ
455 3477 738 3547 computi;
782 3493 901 3547 qum
927 3475 1154 3531 Nicmno
1188 3478 1410 3541 53001110,
1451 3493 1516 3532 ac
1561 3477 1699 3532 Citra
1727 3477 1882 3532 ιιονί·
1989 3493 2221 3540 vertere.
2271 3483 2426 3538 Unde
2470 3497 2820 3553 consequens
2861 3491 2965 3544 est,
3008 3487 3135 3534 ante
3179 3493 3354 3532 annos
3389 3477 3564 3541 1047,

305 3569 578 3624 Iuniorum
627 3571 932 3640 προήγησιν
963 3569 1208 3624 adhiberi
1254 3576 1516 3639 poterat:
1554 3584 1717 3638 quam
1754 3583 1879 3622 cum
1987 3579 2185 3649 quibus
2229 3576 2446 3630 Nicaena
2488 3576 2733 3645 synodus
2769 3571 2941 3628 Isaaci
2986 3580 3223 3634 aetatem,
3260 3578 3314 3624 et
3361 3583 3563 3622 annum

303 3661 640 3730 antiquiores
690 3660 1040 3730 computandi
1095 3661 1386 3730 magistri,
1442 3659 1520 3713 uti
1572 3659 1877 3724 Maximus,
1990 3669 2129 3724 1372
2163 3667 2495 3732 antecessit;
2535 3666 2731 3720 diebus
2770 3665 3006 3734 amplius
3040 3661 3220 3715 tribus
3257 3659 3400 3714 infra
3441 3659 3563 3714 dies

303 3752 614 3824 θίοηὶέῖυεν
659 3751 802 3806 Beda
850 3750 1168 3816 ηθεείτθηῐν
1211 3757 1538 3820 perpetuum
1582 3749 1716 3802 “illd
1748 3750 1885 3800 δτιί·
1986 3776 2082 3815 eos
2118 3761 2312 3820 fuisse.
2339 3759 2540 3828 quibus
2564 3758 2712 3812 illius
2743 3772 2858 3812 azvo
2894 3755 3202 3810 commissae
3233 3760 3378 3808 sunt.
3422 3749 3560 3804 Tum

302 3845 486 3900 ﬁcium
517 3845 858 3914 inquirendae
895 3844 1105 3899 lunaris
1131 3845 1309 3898 :ctatis
1341 3858 1465 3898 esse
1505 3843 1875 3897 crediderunt.
1986 3867 2116 3906 vero
2162 3851 2209 3905 si
2250 3850 2492 3904 triduum
2542 3849 2608 3903 ad
2655 3857 2878 3918 epactas
2920 3846 3170 3912 adderes,
3213 3857 3564 3915 nequaquam

302 3939 528 3994 lsaacus
575 3953 728 4002 vero,
765 3945 826 3992 ut
861 3947 978 3992 erat
1013 3937 1367 3993 astronomiae
1410 3937 1645 4006 peritus,
1682 3935 1877 4006 praesi-

1987 3945 2170 3999 lunam
2207 3956 2586 4012 asscquerere.
2631 3939 3042 3994 Absurdissime
3091 3937 3258 4008 igitur
3298 3934 3559 3996 lsaacus;

299 4027 388 4082 dio
434 4027 741 4082 coelestium
780 4027 1224 4082 Observationum
1269 4033 1323 4082 et
1369 4027 1723 4082 astronomici
1765 4027 1878 4081 cal-
1983 4037 2098 4107 qui,
2138 4051 2261 4090 eum
2304 4033 2586 4089 novilunia
2631 4040 2813 4086 certos
2851 4030 2917 4084 ad
2969 4029 3086 4085 dies
3124 4029 3350 4083 minime
3379 4026 3565 4080 δῶκε-ι

299 4117 428 4180 Cll“,
477 4117 609 4172 SOiiS
653 4131 717 4170 ac
756 4117 898 4170 illim
939 4117 1347 4172 anieCBSSioneS
1382 4117 1770 4173 atlimadvel‘lil
1819 4118 1875 4172 in
1984 4140 2202 4180 rcscere
2274 4123 2510 4186 sentiat,
2562 4121 2634 4178 ita
2680 4121 3044 4177 ratiocinatur
3111 4119 3351 4184 interim,
3402 4116 3562 4187 quasi

300 4224 444 4270 anno
468 4207 712 4264 Juliano.
748 4207 876 4264 ldeo
918 4220 1028 4263 tam
1056 4209 1327 4273 Nicrenas,
1356 4211 1444 4264 vel
1475 4209 1876 4267 Alexandrinas
1984 4233 2200 4288 semper
2248 4217 2302 4271 in
2336 4215 2525 4271 eodem
2567 4215 2656 4269 die
2692 4215 2999 4270 consistant
3031 4233 3043 4266 :
3079 4214 3223 4282 quod
3259 4214 3343 4266 vel
3388 4213 3565 4283 impe~

299 4301 483 4371 potius
520 4302 839 4356 neomenias
883 4300 1200 4366 Paschales,
1229 4317 1393 4372 quam
1429 4303 1716 4368 terminos,
1751 4303 1876 4358 inu-
1984 4311 2090 4365 rite
2120 4310 2188 4361 ab
2213 4324 2278 4362 eo
2310 4308 2515 4364 factum
2549 4314 2631 4362 est
2659 4323 2673 4373 ;
2705 4307 2749 4360 si
2791 4305 2844 4359 id
2881 4304 3022 4359 bona
3064 4305 3168 4358 ﬁde
3204 4305 3562 4375 praescripsit,

301 4393 422 4449 tiles
472 4402 630 4449 aetate
673 4408 773 4448 sua
820 4409 944 4447 esse
988 4394 1297 4462 comperit;
1350 4403 1410 4448 ut
1453 4396 1545 4464 qui
1589 4397 1656 4450 ab
1690 4411 1876 4451 mense
1983 4396 2067 4451 vel
2099 4395 2294 4449 callide
2326 4412 2340 4459 ;
2372 4396 2418 4448 si
2455 4393 2791 4448 declinanda:
2836 4393 3051 4447 invidiae
3087 4407 3288 4458 causa,
3324 4409 3392 4449 ne
3437 4396 3564 4464 plus

298 4485 475 4554 primo
505 4485 573 4538 ad
610 4484 908 4541 secundum
946 4486 1206 4556 paulatim
1256 4487 1550 4542 transitum
1594 4487 1871 4542 fecissent.
1987 4485 2290 4554 majoribus
2327 4485 2444 4538 suis
2490 4499 2682 4552 sapere
2733 4482 3030 4549 videretur,
3065 4491 3253 4552 aperte
3293 4485 3435 4552 quod
3471 4501 3566 4545 res

298 4561 452 4630 lianc
501 4579 806 4648 προήγησιν
852 4578 907 4632 in
954 4584 1114 4632 :etate
1159 4578 1302 4631 lunae
1343 4577 1651 4648 colligenda
1706 4578 1869 4632 tridui
1907 4589 1954 4649 υ
1986 4582 2126 4638 erat,
2153 4574 2393 4644 profiteri
2430 4573 2626 4627 noluit.

299 4669 560 4738 prudens,
618 4684 686 4722 an
738 4668 1057 4738 imprudens
1100 4669 1291 4724 statuit
1354 4669 1618 4736 lsaacus;
1670 4685 1734 4724 ac
1795 4670 1879 4725 vel
2058 4668 2331 4720 Cancrum
2379 4664 2668 4718 Paschalis
2716 4664 2958 4734 computi
3007 4665 3202 4722 vitium
3261 4667 3393 4721 illud
3449 4684 3565 4730 non

297 4759 550 4822 ridicule,
595 4759 678 4813 vel
724 4760 994 4815 malitiose
1025 4761 1078 4813 in
1103 4775 1167 4814 ea
1189 4759 1450 4814 tradenda
1481 4759 1741 4814 methodo
1762 4777 1882 4815 vcr-
1987 4759 2200 4833 primus
2256 4757 2516 4811 odoratus
2579 4751 2678 4810 est'
2722 4757 2966 4827 Argyrus
3023 4777 3035 4812 :
3095 4757 3189 4814 sed
3235 4759 3329 4829 qui
3369 4759 3562 4820 eodem

299 4859 452 4906 satus
484 4859 587 4906 est.
609 4851 823 4905 Etenim
846 4854 1026 4922 capite
1053 4851 1147 4906 Vll
1177 4853 1381 4907 docens
1411 4853 1876 4923 quemadmodum
1982 4858 2228 4919 tempore
2292 4848 2474 4902 ﬂoruit
2515 4847 2853 4919 Nicepltorus
2901 4848 3191 4920 Gregoras,
3235 4851 3349 4921 qui,
3380 4860 3439 4906 ut
3479 4861 3562 4907 te.

297 4946 515 5000 lunares
582 4953 786 5014 epactas
847 4944 1243 5016 investiganda:
1299 4946 1456 5010 sint,
1519 4946 1587 5000 ad
1654 4951 1879 5016 epactas
1987 4948 2169 4996 statur
2216 4941 2307 4996 ille
2343 4941 2526 5010 capite
2563 4939 2721 5006 XVI,
2763 4939 3026 4996 Pascltale
3069 4943 3387 4997 laterculum
3429 4960 3461 4998 a
3501 4961 3564 5000 se

297 5036 403 5090 tria
445 5035 603 5104 jubet
651 5036 833 5101 adjici.
876 5035 1040 5091 Verbi
1085 5037 1261 5106 gratia
1305 5051 1451 5091 anno
1496 5037 1691 5090 Λάδηιί
1734 5035 1878 5093 6880
1979 5029 2328 5084 emendatum
2369 5030 2571 5085 obtulit
2605 5029 2925 5099 imperatori
2960 5045 3024 5084 ac
3069 5033 3324 5098 senatui;
3359 5034 3411 5086 in
3451 5050 3563 5103 quo

297 5127 485 5197 cyclus
512 5133 628 5180 erat
651 5127 793 5180 lunae
823 5125 878 5191 2,
904 5134 1109 5197 epactm
1127 5127 1218 5192 22,
1245 5143 1363 5197 qum
1384 5143 1508 5182 cum
1532 5127 1878 5197 regularibus
1979 5122 2204 5176 termini
2234 5122 2403 5175 biduo
2431 5129 2563 5180 ante
2590 5121 2840 5175 Nicaznos
2871 5123 3121 5177 collocati
3150 5131 3296 5179 sunt.
3333 5123 3561 5179 Utrum!

295 5215 541 5272 Januarii
580 5233 617 5278 ι,
650 5216 886 5276 reddunt
929 5219 1112 5271 lunam
1155 5218 1474 5272 vicesimam
1509 5219 1733 5272 tertiam
1771 5218 1879 5272 Ka-
1978 5229 2085 5283 que
2117 5229 2404 5282 canonetn,
2460 5221 2699 5269 veterem
2740 5215 2951 5268 scilicet
3002 5231 3064 5270 ac
3111 5215 3430 5280 Nicrcnum,
3501 5230 3557 5278 et

298 5307 472 5362 lendis
524 5305 803 5363 Ianuariis
869 5326 884 5364 :
945 5320 1004 5362 ut
1062 5316 1182 5363 erat
1244 5307 1468 5364 Nicaano
1523 5311 1746 5364 saculo.
1806 5311 1877 5364 At
1977 5306 2372 5370 recentiorem,
2443 5307 2612 5360 habes
2685 5306 2739 5359 in
2803 5307 2975 5360 Isaaci
3031 5316 3334 5377 computo;
3398 5309 3556 5370 illum

297 5396 472 5451 lsaaci
507 5405 751 5468 tempore
795 5407 911 5453 erat
952 5401 1211 5455 vicesima
1246 5401 1457 5470 quinta.
1497 5400 1633 5454 Nam
1661 5401 1878 5456 novilu-
1977 5399 2196 5468 quidem
2245 5399 2352 5454 sub
2386 5398 2710 5453 Damasceni
2762 5400 3018 5464 nomine,
3067 5402 3158 5470 qui
3200 5401 3434 5456 fortasse
3480 5401 3556 5460 ita

300 5492 450 5545 nium
497 5507 641 5546 anno
686 5492 891 5547 Christi
940 5492 1072 5548 1371
1124 5493 1356 5564 contigit
1408 5492 1722 5547 Decembris
1751 5509 1872 5559 vm,
1977 5492 2226 5562 digessit,
2262 5493 2431 5560 capit.
2474 5491 2545 5557 Χ,
2583 5493 2812 5546 alterum
2839 5493 2892 5546 in
2919 5493 3023 5547 ﬁne
3049 5493 3248 5563 prioris
3288 5493 3553 5563 computi,

300 5583 458 5652 cujus
494 5585 800 5648 character,
843 5583 979 5638 feria
1008 5583 1064 5648 2,
1096 5584 1152 5649 5,
1188 5583 1294 5648 28',
1335 5584 1454 5651 27",
1486 5584 1874 5640 Constantino-
1979 5584 2047 5640 de
2099 5599 2204 5654 qua
2250 5583 2543 5653 Nicephori
2595 5585 2950 5655 castigatione
2995 5585 3255 5638 nonnulla
3306 5585 3552 5640 dicemus

301 5675 435 5743 poli,
469 5677 624 5746 cyclo
665 5675 800 5731 solis
837 5675 1085 5730 Romano
1113 5693 1230 5742 vm,
1262 5678 1444 5731 littera
1473 5677 1534 5731 E.
1570 5676 1741 5748 Igitur
1768 5695 1874 5732 xxv
1977 5676 2176 5739 obiter,
2217 5692 2336 5746 quae
2366 5678 2433 5732 ad
2484 5677 2862 5731 illustrandam
2895 5675 3210 5746 Gregoriani
3242 5676 3552 5731 Kalendarii

303 5769 429 5820 luna
464 5768 656 5821 incidit
691 5767 742 5821 in
781 5767 1054 5823 Kalendas
1088 5766 1381 5824 Ianuarias
1409 5771 1538 5824 anni
1587 5771 1870 5840 sequentis
1975 5769 2419 5840 descriptionem,
2467 5777 2630 5839 atque
2682 5769 2752 5824 ab
2797 5771 3058 5840 Scaligeri
3105 5777 3158 5824 et
3197 5769 3414 5824 Calvisii
3455 5785 3551 5838 op-

303 5859 572 5923 1572.1ta
604 5859 857 5923 Octobris
887 5879 1014 5918 xxvi
1061 5862 1148 5922 die
1191 5863 1380 5924 eodem
1425 5877 1568 5918 anno
1601 5863 1729 5924 luna
1767 5879 1872 5920 xxv
1979 5862 2324 5942 pugnatione
2371 5861 2788 5927 vindicandam,
2837 5861 2939 5924 hoc
2998 5873 3080 5919 est
3129 5861 3193 5921 ad
3241 5861 3332 5922 lib.
3379 5859 3421 5914 γ
3474 5860 3548 5922 De
