4070 6406
489 426 631 485 M55

1486 424 1574 478 AD
1617 421 1887 479 EUSEBII
1923 416 2320 478 CIIRONICON
2359 418 2723 474 APPENDIX.

3602 419 3740 473 H36

487 539 730 595 doctrina
785 548 1076 608 temporum
1130 537 1385 592 ὑπόθεσιν
1444 539 1851 594 accommodata
1915 546 2064 594 sunt.
2096 544 2140 598 Α
2177 538 2301 607 quis
2343 537 2497 607 prius
2534 536 2846 591 institutum
2888 535 3123 590 retinere
3160 551 3214 589 tn
3248 533 3495 589 Paschali
3529 535 3734 589 metho-

560 631 664 697 Qui
721 628 1015 685 Paschales
1064 631 1395 682 neomenias
1444 645 1508 682 ac
1564 631 1827 685 terminos
1887 633 1943 685 in
1997 647 2064 686 eo

486 720 748 775 laterculo
792 719 1042 789 digessit,
1089 732 1198 788 quo
1236 717 1504 772 Catholici
1539 733 1732 775 omnes
1775 735 1804 773 a
1843 719 2066 776 Nicaano

487 821 732 883 tempore
757 811 826 866 ad
862 819 1078 865 aetatem
1119 819 1363 866 nostram
1399 811 1774 866 ecclesiastica
1820 821 2065 882 tempora

488 905 902 970 gubernarunt;
948 912 1236 958 accuratos
1304 918 1368 958 ac
1432 903 1684 958 caelestes
1745 903 1888 957 lunae
1943 919 2062 959 mo-

488 1005 579 1052 tus
631 998 687 1050 in
731 995 1037 1051 statuendis
1085 995 1391 1051 neomeniis
1437 995 1727 1065 diligenter
1769 995 2006 1050 obtinuit
2049 1014 2062 1050 :

487 1103 596 1160 quo
627 1089 685 1142 fit
717 1095 776 1141 ut
810 1088 878 1142 iis
913 1087 1026 1143 fere
1071 1088 1285 1153 diebus,
1316 1087 1517 1158 quibus
1546 1088 1824 1151 novilunia
1864 1103 2065 1144 secun-

487 1183 616 1236 dum
663 1180 872 1252 ὁμαλὴν
917 1181 1132 1250 κίνησιν
1173 1180 1468 1234 commissa
1509 1189 1657 1244 sunt,
1698 1188 1889 1234 exacte
1935 1195 2069 1234 con-

489 1281 691 1344 gruant
715 1291 730 1340 ;
757 1274 973 1328 termini
1000 1288 1130 1328 vero
1160 1271 1472 1336 Paschales,
1511 1272 1625 1327 sive
1649 1271 1874 1326 decima
1899 1288 2067 1342 quar-

489 1376 580 1431 tze,
631 1365 798 1420 biduo
829 1366 1029 1435 smpius
1083 1365 1379 1434 plcnilunia
1417 1363 1749 1433 praecedant,
1780 1373 2066 1434 propterea

490 1459 638 1528 quod
675 1458 888 1514 decimo
917 1465 1072 1512 sexto
1103 1456 1189 1510 die
1223 1456 1560 1526 frequentius
1592 1457 1662 1510 ab
1691 1471 1776 1520 eo,
1811 1457 1905 1526 qui
1937 1471 2068 1510 neo-

490 1550 728 1606 meniam
782 1550 992 1614 habuit,
1051 1549 1215 1619 plena
1263 1548 1395 1600 luna
1451 1547 1733 1618 contingat
1792 1565 1806 1602 :
1849 1546 1915 1602 de
1958 1564 2068 1617 quo

492 1642 548 1695 in
591 1642 780 1710 quinto
823 1640 900 1694 De
941 1639 1186 1692 doctrina
1238 1647 1552 1706 tempomm,
1585 1653 1706 1709 cap.
1747 1637 1886 1692 XIII.
1929 1636 2068 1692 I-Iinc

490 1747 598 1787 non
614 1747 739 1785 raro
755 1738 879 1785 ante
900 1730 1288 1800 Gregorianam
1312 1729 1608 1784 editionem
1630 1728 1847 1793 accidit,
1868 1737 1929 1782 ut
1945 1728 2071 1784 Pas-

490 1824 594 1879 cha
611 1838 720 1878 uno
737 1824 824 1878 die
845 1831 972 1877 ante
1006 1821 1364 1892 plenilunium
1383 1821 1704 1876 incurreret.
1734 1820 1866 1877 Post
1895 1836 2068 1876 annos

2166 629 2237 683 do
2283 627 2605 698 castiganda
2662 625 2958 691 voluisset;
3009 626 3326 681 ueomenias
3365 640 3430 680 ac
3471 627 3736 680 terminos

2166 721 2521 790 anticipasset
2548 717 2730 773 triduo
2768 718 2964 774 solido.
3007 717 3112 773 Sed
3145 719 3247 773 hac
3273 719 3485 774 ratione
3521 720 3736 775 termini

2166 811 2329 868 biduo
2375 825 2615 882 persaepe
2660 809 3019 880 plenilunium
3065 810 3492 874 antevenissent,
3529 811 3610 864 uti
3644 809 3739 864 Ni-

2167 917 2319 956 caano
2350 901 2549 956 saeculo
2583 901 2831 956 evenisse
2861 900 3121 954 diximus.
3151 899 3332 966 Quare
3361 901 3526 955 biduo
3555 903 3610 956 in
3647 917 3739 956 an-

2173 992 2378 1048 teriora
2408 1005 2730 1060 promovere
2759 991 2932 1044 satius
2976 988 3097 1043 fuit.
3137 989 3294 1055 Quod
3321 998 3376 1044 et
3397 989 3740 1062 Nicephorus

2167 1083 2442 1156 praestitit.
2477 1080 2584 1137 Sed
2614 1097 2722 1136 non
2755 1082 2827 1136 ob
2856 1081 2931 1147 id,
2964 1089 3023 1135 ut
3053 1081 3152 1146 illi,
3183 1082 3328 1152 quod
3358 1082 3492 1146 dixi,
3525 1084 3740 1138 incom-

2168 1172 2334 1227 modo
2381 1172 2723 1238 subveniret;
2763 1171 2830 1225 ad
2874 1170 3018 1241 quod
3061 1169 3380 1242 Gregoriani
3421 1173 3740 1228 Kalendarii

2175 1266 2491 1321 conditores
2522 1273 2831 1335 respectum
2864 1264 3172 1320 habuerunt
3203 1284 3216 1320 :
3248 1281 3436 1320 verum
3481 1265 3626 1336 quod
3663 1267 3743 1320 ita

2168 1371 2492 1426 persuasum
2540 1356 2827 1421 haberent,
2863 1357 3128 1411 terminos
3160 1356 3454 1412 Paschales
3490 1356 3741 1413 Nicanos

2168 1450 2520 1504 concurrisse
2551 1463 2676 1503 cum
2721 1448 3061 1518 pleniluniis.
3094 1449 3198 1514 Qui
3233 1449 3338 1503 fuit
3369 1465 3522 1504 error
3561 1449 3742 1504 Theo-

2167 1539 2322 1609 phili,
2359 1539 2549 1609 Cyrilli
2596 1554 2660 1592 ac
2707 1539 3045 1608 reliquorum
3099 1539 3355 1610 deinceps
3400 1548 3742 1608 computato—

2169 1647 2316 1696 rum,
2350 1631 2417 1686 ad
2450 1630 2674 1696 Bedam,
2707 1640 2760 1686 et
2789 1631 2932 1686 infra
2969 1631 3090 1702 ejus
3131 1639 3342 1688 aetatem
3389 1650 3401 1685 :
3443 1648 3604 1702 quem
3639 1647 3742 1686 nos

2169 1723 2226 1778 in
2255 1722 2299 1777 V
2339 1722 2418 1777 De
2455 1723 2703 1778 doctrina
2755 1732 3072 1792 temporum,
3121 1739 3240 1794 cap.
3287 1722 3452 1777 XXIII
3503 1724 3745 1777 convici-

2169 1829 2314 1869 mus.
2368 1813 2508 1868 Ilinc
2548 1823 2632 1869 est
2672 1815 2818 1884 quod
2869 1814 3223 1885 plenilunium
3268 1830 3409 1884 saepe
3445 1815 3520 1868 illi
3556 1815 3746 1869 termi-

490 1917 619 1973 inde
673 1887 1023 1986 complures,-
1057 1931 1183 1970 cum
1231 1916 1396 1971 unius
1441 1916 1556 1985 jam
1601 1915 1711 1970 diei
1760 1917 2067 1988 προήγησιν
2099 1887 2141 1941 Β
2170 1922 2304 1960 num
2347 1907 2644 1977 appellant,
2676 1907 2760 1961 vel
2799 1918 3049 1977 quartam
3080 1907 3368 1972 decimam,
3401 1915 3461 1960 ut
3497 1914 3551 1961 et
3595 1905 3746 1961 Isaa-

491 2011 618 2065 luna
657 2009 880 2065 fecisset
906 2025 921 2064 :
949 2009 1170 2064 termini
1196 2016 1409 2062 veteres
1439 2007 1614 2077 pridie
1644 2007 1764 2077 ejus
1793 2007 1924 2073 diei,
1957 2023 2068 2078 quo

489 2102 667 2158 media
699 2103 968 2172 oppositio
1003 2102 1182 2165 fiebat,
1207 2100 1603 2169 propemodum
1643 2100 1974 2163 inciderunt,
2009 2107 2070 2154 ut

489 2210 555 2251 cx
584 2209 703 2263 cap.
737 2193 876 2261 XIII,
921 2193 1013 2245 lib.
1051 2189 1088 2244 ν
1124 2191 1202 2244 De
1233 2191 1478 2244 doctrina
1510 2199 1804 2258 temporum
1827 2196 2065 2245 constat.

491 2282 700 2337 Exinde
731 2290 855 2352 post
885 2283 1092 2351 aliquot
1120 2283 1342 2344 saecula,
1367 2281 1593 2336 alterius
1621 2280 1729 2336 diei
1754 2280 2069 2351 anticipatio

492 2375 727 2430 mediam
760 2376 1158 2444 oppositionem
1185 2383 1400 2429 veteres
1433 2375 1488 2427 in
1515 2373 1779 2429 terminos
1799 2375 2066 2445 provexit,

491 2469 552 2516 ut
576 2474 687 2516 tum
709 2463 1002 2519 Paschales
1022 2464 1236 2518 termini
1256 2478 1444 2518 revera
1467 2471 1651 2518 essent
1667 2463 1988 2534 plenilunia.
2016 2473 2070 2518 et

490 2553 706 2609 decimo
743 2561 902 2608 sexto
934 2555 1022 2609 die
1048 2554 1117 2608 ab
1155 2554 1443 2609 ueomenia
1480 2553 1891 2624 contingerent,
1921 2555 2067 2625 quod

489 2645 709 2715 quidem
755 2645 858 2700 sub
899 2645 1055 2701 Bedae
1085 2654 1301 2715 tempus
1337 2645 1536 2700 evenit.
1572 2645 1739 2700 lsaaci
1771 2661 1934 2717 porro
1968 2662 2070 2702 saa-

490 2739 615 2792 culo
648 2739 810 2808 paulo
844 2739 966 2808 plus
1008 2738 1219 2792 dierum
1251 2739 1416 2792 trium
1445 2739 1777 2809 προήγησις,
1818 2739 2068 2810 Gregorii

491 2825 610 2880 χιιι
667 2835 848 2892 aetate,
895 2826 1176 2895 quatridui
1218 2833 1302 2881 est
1356 2825 1467 2881 fere
1508 2826 1781 2894 confecta,
1829 2828 1963 2884 adeo
2007 2836 2069 2882 ut

490 2917 696 2972 Νῆστιέηὶ
721 2919 937 2972 termini
964 2918 1232 2973 decimam
1265 2925 1511 2972 octavam
1539 2919 1723 2972 lunam
1752 2921 2066 2977 redderent.

493 3008 632 3062 Iluic
686 3007 1036 3063 incommodo
1084 3007 1500 3062 neomeniarum
1568 3007 1948 3076 Paschalium,
2005 3027 2069 3066 ac

493 3101 854 3155 lerminorum
886 3100 1172 3154 translatio
1200 3101 1500 3154 remedium
1536 3103 1751 3169 attulit;
1783 3120 1904 3173 qua:
1943 3119 2066 3157 cum

492 3191 705 3245 dierum
747 3204 1009 3260 prmtcrea
1067 3191 1254 3244 decem
1317 3191 1624 3257 ablatione,
1666 3209 1831 3263 quam
1873 3196 2066 3249 solaris
2096 3223 2138 3278 ο

494 3297 672 3335 annus
718 3281 990 3350 exigebat,
1035 3272 1146 3333 tam
1192 3288 1498 3349 opportune
1546 3280 1689 3336 facta
1740 3289 1844 3346 est,
1889 3290 1949 3334 ut
2001 3283 2070 3336 ab

493 3373 736 3443 antiquis
779 3373 1052 3437 terminis,
1089 3387 1152 3426 ac
1186 3372 1425 3429 Nicaenis
1459 3389 1567 3429 uno
1603 3383 1815 3428 tantum
1855 3374 1942 3430 die
1978 3375 2074 3429 de-

492 3470 837 3524 scenderent.
881 3473 1040 3523 Anno
1080 3469 1286 3523 Christi
1322 3486 1592 3536 cccxxut,
1645 3471 1928 3524 ueomenia
1971 3469 2075 3523 Pa-

495 3563 699 3617 Schalis
747 3562 902 3632 cyclo
942 3563 974 3616 5
1014 3563 1205 3616 incidit
1255 3563 1307 3616 in
1366 3562 1542 3616 Martii
1595 3577 1751 3625 χχιιι,
1789 3577 1897 3615 una
1946 3577 2070 3615 cum

495 3655 863 3708 astronomica
911 3656 1172 3724 syzygia;
1214 3655 1522 3720 terminus,
1573 3654 1776 3725 Aprilis
1822 3671 1879 3721 v,
1929 3671 2072 3710 anno

497 3746 659 3807 1577,
706 3747 861 3816 cyclo
917 3745 1106 3800 eodem
1169 3746 1510 3800 novilunium
1566 3745 1923 3800 commissum
1991 3755 2074 3799 est

494 3834 673 3887 Martii
726 3851 840 3899 xix,
889 3833 1100 3887 decima
1144 3842 1338 3904 quarta
1379 3833 1683 3899 Paschalis,
1723 3833 1926 3904 Aprilis
1965 3832 2073 3886 Ka-

495 3923 692 3978 lendis.
724 3921 1022 3992 Expunetis
1063 3922 1249 3976 decem
1294 3923 1484 3977 diebus
1526 3921 1746 3976 Νἱοιυιιιι
1784 3923 2071 3976 ueomenia

496 4014 726 4068 cadebat
755 4013 808 4067 in
846 4013 1022 4066 Martii
1058 4028 1189 4069 xxix
1221 4014 1363 4068 diem
1403 4033 1415 4067 :
1450 4014 1718 4068 terminus
1750 4013 1802 4066 in
1832 4027 1885 4065 χι
1909 4012 2072 4081 Apri-

495 4103 584 4158 lis.
626 4103 694 4156 At
751 4104 855 4157 hoc
900 4101 1064 4156 modo
1109 4101 1276 4156 biduo
1331 4103 1552 4156 circiter
1605 4109 1730 4156 ante
1772 4100 2070 4172 plenilunia

496 4211 640 4265 s:epe
665 4194 1046 4265 contigissent.
1093 4195 1207 4248 Iloc
1247 4210 1315 4248 nc
1361 4194 1533 4259 fieret,
1575 4193 1908 4263 Gregoriana
1949 4209 2074 4246 cor-

494 4285 664 4339 rectio
708 4293 815 4337 tam
860 4285 1175 4339 neomenias
1233 4298 1396 4354 quam
1453 4284 1718 4338 terminos
1774 4281 2070 4337 Paschales

495 4394 605 4432 uno
633 4378 720 4432 die
758 4378 1092 4442 summovit;
1127 4379 1282 4447 quasi
1317 4376 1482 4430 tridui
1526 4375 1905 4429 tantummodo
1937 4377 2072 4429 anti-

494 4470 822 4540 cipationem
854 4470 984 4523 luna
1013 4469 1340 4539 collegisset.
1379 4469 1458 4522 lta
1501 4482 1760 4521 numerus
1801 4482 2001 4521 aureus
2027 4484 2065 4531 ι,

2171 2012 2270 2054 cus
2302 2006 2513 2063 noster,
2550 2015 2661 2053 non
2694 2015 2757 2054 ea
2789 2001 3007 2069 quidem
3055 2001 3268 2054 ratione
3307 2014 3468 2069 quam
3500 1999 3745 2068 Scaliger

2170 2097 2226 2143 et
2266 2090 2539 2145 Calvisius
2587 2092 2888 2146 defendunt
2929 2092 3164 2163 (tametsi
3211 2090 3452 2160 Scaliger
3490 2105 3520 2142 a
3552 2089 3744 2144 Clavio

2171 2189 2362 2236 nostro
2395 2181 2660 2236 dedoctus
2701 2183 2935 2252 pristina
2987 2182 3056 2237 ab
3099 2181 3369 2237 sententia
3402 2182 3650 2242 recessit.
3685 2189 3743 2235 ut

2170 2273 2358 2328 eodem
2393 2273 2533 2328 libro
2569 2276 3060 2345 monstravimus),
3093 2273 3250 2345 quasi
3284 2287 3565 2343 nunquam
3597 2272 3744 2328 deci-

2172 2376 2261 2415 mo
2301 2362 2498 2430 quinto
2539 2362 2627 2417 die
2674 2363 2743 2418 ab
2789 2364 3077 2418 ueomenia
3105 2361 3314 2418 Pascha
3356 2362 3634 2416 celebrare
3678 2360 3744 2412 li-

2172 2453 2385 2508 cuerit:
2422 2453 2518 2508 sed
2564 2454 2652 2508 vel
2701 2453 2758 2508 in
2805 2469 2918 2508 χχιι
2953 2470 3129 2524 usque
3175 2454 3358 2507 lunam
3390 2451 3616 2506 dill'undi
3645 2467 3740 2505 ne-

2171 2557 2328 2598 cesse
2370 2542 2537 2598 fuerit
2585 2563 2598 2598 :
2639 2559 2829 2599 verum
2882 2545 3039 2610 ideo,
3093 2545 3240 2616 quod
3297 2544 3582 2600 ueomenia
3634 2558 3745 2597 uno

2171 2642 2294 2704 post
2327 2635 2554 2705 ἀκριϐὲς
2591 2637 2933 2690 novilunium
2981 2636 3069 2691 die
3115 2637 3494 2690 collocaretur.
3530 2633 3645 2690 Hoc
3684 2641 3744 2688 ut

2171 2739 2396 2802 tyrones
2443 2745 2642 2801 capere
2687 2733 2882 2787 melius
2930 2731 3162 2801 possint,
3195 2731 3407 2786 tabulas
3457 2730 3741 2798 subjiciam

2171 2823 2310 2879 duas
2337 2824 2550 2880 lunaris
2583 2824 2748 2880 unius
2790 2825 2927 2894 cycli
2969 2824 3036 2878 ad
3071 2834 3362 2893 utrumque
3393 2830 3628 2893 tempus,
3651 2821 3742 2874 Ni-

2170 2919 2305 2974 cazni
2349 2919 2594 2986 concilii,
2648 2927 2705 2974 et
2754 2919 2928 2974 Isaaci
2972 2917 3197 2988 Argyri;
3248 2924 3307 2972 ut
3348 2932 3415 2972 ex
3460 2916 3741 2970 ambarum

2171 3010 2580 3080 comparatione
2626 3009 2772 3063 lunai
2807 3007 3146 3077 anticipatio,
3175 3014 3227 3061 et
3255 3005 3545 3075 Nicephori
3573 3005 3743 3058 casti-

2171 3102 2317 3175 gatio
2347 3101 2626 3156 intellectu
2665 3102 2737 3156 sit
2779 3099 3014 3154 facilior.
3046 3098 3104 3153 In
3139 3107 3368 3168 utraque
3398 3097 3582 3151 tabula
3620 3112 3744 3151 ver-

2172 3209 2266 3249 sus
2305 3201 2468 3248 erunt
2502 3209 2599 3248 vn.
2634 3191 2854 3246 Primus
2883 3206 3109 3246 aureum
3142 3205 3424 3244 numerum
3453 3189 3628 3254 dabit;
3661 3205 3745 3244 se-

2171 3286 2386 3340 cundus
2421 3285 2636 3356 cyclum
2673 3283 2808 3339 solis
2838 3283 3177 3347 Romanum;
3211 3282 3405 3337 tertius
3436 3280 3746 3334 Dominica-

2171 3376 2275 3432 lem
2326 3377 2597 3444 litteram;
2651 3382 2883 3446 quartus
2940 3374 3282 3429 novilunium
3331 3373 3493 3443 primi
3539 3373 3746 3426 mensis

2170 3468 2323 3523 verni
2347 3483 2472 3523 cum
2500 3467 2842 3532 charactere,
2874 3465 2941 3520 ad
2967 3465 3329 3521 meridianum
3357 3466 3746 3519 Constantino-

2172 3559 2390 3630 poleos;
2437 3561 2666 3629 quintus
2709 3557 2853 3612 diem
2901 3558 3114 3612 civilem
3157 3556 3359 3612 Juliani
3403 3560 3646 3622 mensis;
3691 3560 3744 3612 in

2170 3663 2334 3719 quem
2371 3649 2657 3704 ueomenia
2693 3656 3004 3720 competere
3042 3648 3258 3714 debuit;
3290 3657 3478 3704 sextus
3513 3649 3748 3718 plenilu—

2172 3743 2323 3796 nium
2364 3742 2572 3797 mensis
2601 3741 2881 3810 ejusdem:
2923 3741 3188 3809 septimus
3219 3740 3499 3810 plenilunii
3532 3742 3744 3795 civilem

2170 3835 2336 3890 diem.
2390 3837 2468 3887 Ac
2511 3841 2622 3887 tam
2678 3833 2734 3886 in
2776 3832 3062 3887 ueomenia
3114 3848 3276 3902 quam
3331 3832 3386 3886 in
3444 3833 3744 3902 plcnilunio

2171 3926 2224 3980 id
2279 3926 2662 3989 observamus,
2699 3933 2759 3977 ut
2807 3925 3022 3994 quoties
3078 3924 3338 3978 horarum
3390 3924 3748 3994 epilogismus

2171 4017 2458 4072 duodecim
2490 4018 2653 4071 horas
2682 4016 2917 4082 excedit,
2942 4032 3062 4086 qua:
3091 4016 3160 4070 ab
3190 4025 3350 4070 nocte
3388 4016 3564 4070 media
3595 4031 3748 4069 com-

2174 4117 2458 4178 putantur,
2493 4108 2562 4162 ad
2597 4117 2894 4178 utrumque
2928 4124 3163 4177 sequens
3203 4109 3318 4162 dies
3360 4107 3537 4162 civilis
3572 4108 3746 4162 ascri-

2174 4200 2335 4254 batur
2371 4218 2385 4254 :
2421 4199 2566 4268 quod
2607 4200 2928 4253 laterculum
2962 4198 3241 4253 Nicaanum
3284 4198 3508 4253 minime
3546 4198 3740 4252 tenuit.

2177 4289 2247 4344 Ut
2273 4290 2328 4344 in
2355 4305 2499 4344 anno
2526 4291 2720 4358 primo,
2754 4305 2878 4345 cum
2919 4290 3257 4344 novilunium
3288 4297 3440 4344 sexta
3470 4289 3583 4343 fere
3609 4281 3745 4358 post

2172 4381 2454 4437 meridiem
2491 4381 2626 4436 hora
2665 4382 2774 4436 diei
2811 4398 2942 4436 χχιιι
2974 4381 3151 4435 Martii
3185 4381 3492 4451 contigerit,
3521 4396 3744 4434 neome—

2172 4475 2263 4528 nia
2302 4483 2484 4528 tamen
2527 4490 2662 4530 χχιιι
2696 4475 2816 4544 ipso
2849 4473 2937 4529 die
2966 4476 3257 4530 constituta
3288 4481 3393 4536 est,
3423 4487 3542 4542 qum
3570 4479 3746 4525 astro—

494 4562 589 4632 qui
603 4561 670 4615 ad
687 4577 755 4614 xx
773 4560 949 4614 Martii
963 4561 1394 4632 progressionem
1412 4560 1607 4615 fecisse
1621 4559 1863 4629 ponitur,
1879 4558 1943 4611 ad
1958 4575 2061 4612 χχχ

2171 4567 2389 4620 nomieo
2427 4566 2640 4621 calculo
2686 4566 2741 4620 in
2789 4575 3107 4636 sequentem
3142 4566 3470 4620 refunditur.
3497 4564 3612 4652 ‘llas
3651 4580 3745 4633 sy-

495 4653 674 4708 Martii
717 4653 1040 4720 descendit;
1088 4661 1145 4706 ut
1185 4653 1453 4707 terminus
1486 4653 1540 4706 in
1571 4668 1647 4705 xu
1681 4651 1824 4706 diem
1859 4653 2065 4722 Aprilis

495 4759 842 4822 congrueret.
879 4749 1018 4804 Ilinc
1061 4751 1208 4805 enim
1247 4751 1466 4812 accidit,
1500 4757 1561 4802 ut
1601 4749 1819 4804 termini
1869 4749 2069 4818 surpius

497 4843 550 4895 in
585 4858 708 4895 eum
743 4842 886 4897 diem
919 4850 1272 4904 concurrant,
1316 4841 1411 4909 qui
1438 4847 1523 4894 est
1549 4835 1729 4909 pridie
1753 4839 1926 4903 illius,
1959 4856 2069 4908 quo

497 4934 854 5002 plenilunium
881 4933 1099 4987 accidit.
1129 4931 1204 4987 De
1228 4946 1336 5003 qua
1364 4947 1423 4986 re
1452 4925 1666 5001 plenius
1693 4939 1874 4984 actum
1897 4940 1979 4986 est
2011 4931 2063 4984 in

500 5025 538 5078 ν
570 5025 922 5081 Dc'doctrina
953 5036 1262 5093 tctrtporum.

575 5117 640 5174 Ut
663 5117 730 5171 ad
757 5124 971 5172 aetatem
992 5116 1284 5186 Nicephori
1321 5122 1378 5171 et
1407 5115 1576 5170 Isaac:
1604 5123 1913 5169 revertatur
1941 5128 2066 5168 ora-

495 5211 605 5276 tio,
651 5224 779 5266 cum
831 5207 1000 5265 tridui
1025 5217 1155 5264 tunc
1197 5209 1327 5263 luna
1369 5209 1676 5278 προῄγησιν
1719 5203 1970 5269 haberet;
2017 5203 2066 5258 si

2172 4659 2358 4729 zygias
2383 4674 2450 4712 ex
2478 4658 2664 4713 tabula
2690 4673 2814 4728 cap.
2848 4658 2914 4726 Χ,
2947 4660 3045 4714 lib.
3073 4657 3162 4712 V'll
3193 4658 3266 4712 De
3285 4658 3524 4710 doctrina
3549 4666 3744 4724 tempo-

2172 4767 2287 4804 rum
2337 4754 2737 4823 cxcerpsimus,
2769 4770 2891 4824 quae
2938 4771 3048 4810 non
3099 4755 3284 4808 minus
3330 4762 3597 4810 accurata:
3637 4753 3748 4806 sint

2174 4859 2336 4913 quam
2365 4860 2487 4914 quae
2515 4861 2582 4900 ex
2613 4846 3000 4902 astronomicis
3045 4845 3249 4901 tabulis
3295 4844 3419 4898 libri
3467 4842 3580 4896 VIII
3612 4858 3747 4896 con-

2175 4935 2459 5001 lieiuntur,
2511 4953 2690 5007 neque
2745 4938 2978 4992 multum
3035 4937 3104 4992 ab
3153 4938 3262 4991 illis
3308 4935 3642 5006 discrepant,
3689 4943 3745 4986 et

2173 5036 2396 5099 propter
2427 5028 2745 5098 adjunctum
2792 5028 2941 5085 feria:
2963 5031 3336 5086 characterem
3367 5028 3434 5082 ad
3469 5027 3746 5100 negotium

2174 5121 2598 5190 opportuniores
2633 5103 2911 5178 videntur.
