4070 6406
497 419 644 474 1159
1517 412 1602 468 AD
1640 410 1908 468 EUSEBll
1938 406 2333 466 CHRONICON
2373 406 2740 463 APPENDIX.
3613 400 3748 456 1M0

497 531 647 601 ginta
673 536 818 593 octo,
847 528 1098 584 Videlicet
1127 542 1270 582 anno
1298 526 1569 596 6919,qui
1609 537 1694 582 est
1715 526 2078 598 Dionysianus
2110 529 2152 585 Α
2181 523 2360 577 Martii
2394 541 2518 590 xxt;
2550 538 2676 576 cum
2722 522 3028 576 certissime
3061 523 3275 572 constet
3306 516 3539 586 idipsum
3573 513 3750 568 Martii

500 622 660 686 1411,
690 622 848 692 plena
882 620 992 684 fiet,
1026 621 1224 690 inquit,
1253 621 1403 674 bidui
1450 621 1777 691 προήγησις.
1817 618 1943 673 Haac
1977 621 2082 671 Ar-
2183 629 2298 666 xxtt
2331 619 2451 683 post
2482 611 2763 666 meridiem
2793 617 3040 664 notatum
3073 607 3141 661 ab
3172 607 3264 660 illo
3295 605 3482 660 fuisse.
3513 603 3752 673 Denique

496 729 686 784 gyrus.
717 713 780 766 Et
803 714 1022 783 quidem
1057 729 1245 766 revera
1273 727 1418 765 anno
1456 712 1549 765 illo
1573 727 1731 781 quem
1760 712 1893 766 dicit
1918 709 2081 765 Chri-

497 807 565 860 sti
599 805 759 869 1573,
791 802 1077 857 Iudaicum
1117 804 1474 873 plenilunium
1505 805 1735 873 contigit
1773 803 1924 858 horis
1963 805 2074 857 cir-

494 897 636 950 citer
672 895 849 948 tribus
880 902 1002 963 post
1043 896 1176 949 solis
1210 901 1482 952 exortum.
1517 893 1645 948 Erat
1673 909 1849 949 annus
1887 892 2078 947 Judai-

493 1003 596 1043 cus
626 987 787 1048 5155,
819 987 980 1056 cujus
1023 985 1166 1040 Tisri
1218 987 1340 1041 iniit
1373 987 1602 1054 Augusti
1655 1003 1785 1054 xxx,
1834 987 1968 1043 feria
2015 986 2075 1049 2,

495 1094 640 1133 anno
674 1077 877 1133 Christi
915 1078 1074 1142 1572,
1107 1080 1262 1149 cyclo
1310 1079 1442 1134 solis
1477 1079 1721 1132 Romano
1766 1095 1841 1144 ιιι,
1898 1079 2074 1134 littera

493 1169 601 1225 DC.
635 1169 766 1223 Nam
802 1170 949 1223 illius
981 1171 1267 1224 character
1291 1179 1409 1224 erat
1436 1170 1493 1234 ἓ,
1521 1172 1575 1231 5,
1611 1171 1736 1226 606.
1773 1170 1942 1224 Nisan
1976 1185 2074 1223 au-

492 1270 602 1318 tem
631 1263 920 1317 character
943 1263 997 1323 5,
1021 1263 1109 1326 20,
1135 1263 1258 1321 757.
1291 1261 1424 1316 feria
1452 1279 1504 1317 vt
1529 1263 1600 1318 ob
1623 1263 2068 1328 translationem;

491 1353 674 1408 Martii
710 1370 836 1417 xxv,
865 1355 1019 1425 cyclo
1065 1354 1198 1408 solis
1240 1353 1488 1408 Romano
1528 1370 1583 1419 x,
1627 1354 1805 1409 littera
1836 1353 1894 1419 Β,
1926 1369 2071 1407 anno

491 1445 698 1500 Christi
751 1446 911 1502 157³5.
960 1445 1327 1500 Plenilunium
1387 1460 1518 1515 ergo
1578 1446 1934 1500 commissum
1985 1453 2070 1500 est

490 1537 624 1606 Apr.
655 1553 778 1600 vnt,
816 1536 950 1591 feria
981 1537 1035 1602 6,
1069 1538 1156 1602 15,
1199 1538 1268 1592 '73
1294 1537 1430 1607 1/2,
1465 1539 1566 1591 hoc
1593 1546 1676 1592 est
1702 1538 1852 1592 horis
1881 1538 1968 1600 15,
2000 1537 2070 1591 75

491 1633 618 1696 post
660 1636 840 1680 ortum
891 1627 1045 1682 solis.
1092 1625 1228 1680 Nam
1280 1628 1634 1698 epilogismus
1682 1626 1944 1682 Iudaicus
1999 1629 2069 1682 ab

484 1731 694 1771 occasu
748 1717 881 1772 solis
930 1717 1143 1787 incipit.
1184 1717 1290 1773 Sed
1337 1719 1510 1773 mirus
1560 1719 1795 1773 hominis
1841 1726 2063 1788 stupor;

489 1807 584 1876 qui
615 1821 723 1860 non
759 1806 1209 1862 animadverterit
1246 1808 1509 1863 terminos
1537 1807 1855 1874 Paschales,
1886 1809 1977 1878 qui
2011 1809 2062 1862 in

2180 701 2326 770 quod
2379 701 2573 756 scribit
2618 709 2744 755 ante
2793 714 2966 754 annos
3020 697 3411 767 quinquaginta
3454 695 3508 748 in
3551 694 3750 763 oppido

2181 792 2428 846 Thraciae
2477 791 2621 850 ΑΞηο
2663 790 2879 845 ,Ιιιᾱᾶοοε
2934 789 3143 844 Pascha
3195 788 3502 842 celebrasse
3572 785 3751 839 Martii

2179 900 2286 946 xx,
2332 899 2458 937 cum
2517 882 2888 937 Christianunt
2943 881 3274 935 celebratum
3329 878 3493 932 fuerit
3546 879 3755 948 Aprilis

2178 988 2346 1038 xxttt;
2399 974 2580 1027 littera
2635 972 2826 1030 fuitA.
2863 980 2917 1026 et
2943 987 3120 1026 annus
3162 971 3366 1026 Christi
3407 971 3567 1031 1518,
3599 973 3756 1040 cyclo

2177 1066 2310 1120 solis
2336 1082 2410 1128 xt,
2437 1066 2578 1119 luna:
2604 1081 2724 1127 vttt,
2763 1066 3045 1119 neomenia
3073 1064 3219 1118 Tisri
3243 1079 3386 1118 anno
3428 1064 3566 1117 1317
3599 1063 3756 1132 cyclo

2175 1157 2310 1211 solis
2355 1173 2409 1219 x,
2443 1157 2621 1210 littera
2667 1155 2728 1219 B,
2762 1155 3098 1226 Septembris
3140 1172 3237 1219 vn,
3285 1156 3418 1211 feria
3443 1156 3496 1214 4,
3536 1157 3590 1217 8,
3621 1154 3753 1218 286,

2174 1243 2341 1299 Nisan
2371 1245 2550 1298 Martii
2591 1261 2672 1308 ιιι,
2704 1243 2839 1298 feria
2867 1243 2920 1305 6,
2965 1244 3055 1307 12,
3091 1244 3215 1306 724,
3249 1259 3392 1298 anno
3418 1244 3573 1305 1518,
3607 1244 3754 1298 littev

2173 1350 2232 1388 ra
2261 1335 2325 1386 A.
2361 1334 2468 1387 Sed
2510 1343 2730 1404 pr0pter
2762 1333 2940 1398 Badu,
2984 1333 3267 1388 neomenia
3307 1333 3408 1386 fuit
3446 1332 3630 1386 Martii
3674 1348 3752 1396 tv,

2173 1423 2308 1483 feria
2338 1425 2389 1490 7,
2421 1426 2475 1489 5,
2506 1426 2576 1479 40
2612 1425 2732 1496 1/2.
2781 1424 2836 1480 Si
2878 1426 3163 1480 neomenia
3204 1425 3381 1479 Martii
3434 1439 3489 1478 tv
3524 1424 3749 1487 accidit,

2171 1517 2382 1572 Pascha
2426 1519 2760 1573 celebratum
2808 1527 2894 1573 est
2946 1518 3014 1572 ad
3065 1534 3347 1588 vesperam
3383 1517 3490 1573 diei
3528 1534 3664 1581 xvtt,
3696 1525 3750 1571 et

2169 1610 2435 1679 postridie
2484 1609 2586 1664 fuit
2635 1610 2811 1680 prima
2859 1611 2977 1666 dies
3022 1624 3358 1680 azymorum.
3401 1608 3582 1675 Quare
3625 1625 3747 1664 cum

2170 1700 2341 1754 lsaaci
2403 1700 2778 1770 descriptione
2852 1718 2960 1756 non
3033 1701 3306 1770 congruit.
3374 1700 3746 1756 Christianum

2170 1806 2362 1860 porro,
2394 1789 2784 1861 Nicaemtmque
2820 1790 3031 1846 Pascha
3067 1793 3400 1847 celebratum
3431 1801 3516 1847 est
3544 1792 3748 1862 Aprilis

488 1899 756 1954 laterculo
805 1900 1065 1970 descripti
1115 1909 1264 1966 sum,
1312 1902 1398 1956 cui
1452 1900 1826 1957 Damascenus
1877 1909 2069 1955 θυρίον
2102 1883 2141 1937 Β
2173 1899 2332 1948 xxttt,
2367 1898 2492 1939 cum
2526 1885 2796 1939 terminus
2845 1885 2900 1937 in
2945 1901 3076 1938 xvttt
3122 1885 3362 1949 caderet,
3395 1882 3527 1939 feria
3563 1886 3747 1940 tertia.

489 1991 837 2055 inscribitur,
869 2008 978 2046 non
1019 1993 1156 2048 alios
1185 2009 1328 2058 esse,
1363 2008 1526 2062 qu-em
1561 1979 1833 2052 Nicanos.
1869 1979 2068 2063 quibus

486 2082 847 2153 Theophilus,
894 2085 1169 2155 Cyrillus,
1225 2093 1279 2140 et
1340 2086 1603 2140 Catholici
1667 2086 1927 2155 deinceps
1983 2086 2068 2142 usi

489 2182 638 2227 sunt.
671 2173 739 2226 At
767 2174 985 2229 lsaacus
1015 2176 1164 2229 circa
1197 2191 1398 2230 annum
1421 2177 1628 2232 Christi
1663 2176 1766 2233 765
1799 2191 2064 2231 canonem

486 2263 640 2317 illum
673 2265 956 2318 conditum
992 2281 1054 2319 ac
1083 2268 1347 2321 terminos
1377 2282 1499 2322 esse
1530 2267 1859 2322 constitutos
1882 2265 2066 2322 existi-

485 2361 620 2408 mat.
671 2352 945 2410 Detractis
987 2356 1132 2410 enim
1166 2356 1269 2412 608
1307 2355 1375 2412 de
1415 2357 1575 2420 1573,
1608 2357 1827 2412 exsistit
1885 2371 2062 2410 annus

485 2443 609 2499 765.
651 2443 793 2500 Sane
822 2444 1066 2502 Joannes
1099 2447 1472 2504 Damascenus
1527 2464 1591 2504 eo
1645 2449 1850 2504 sarculo
1889 2448 2060 2516 vixit;

483 2538 578 2607 qui
626 2538 874 2592 laterculi
917 2539 1064 2594 illius
1097 2540 1378 2594 artificiosi
1416 2541 1667 2596 conditor
1699 2557 1822 2597 esse
1849 2540 2058 2612 potuit;

486 2643 596 2680 non
627 2635 810 2682 tamen
836 2629 1100 2684 terminos
1133 2629 1390 2684 instituit.
1435 2628 1542 2683 Sed
1567 2631 1838 2701 Argyrum
1869 2629 2061 2685 fefellit

481 2717 558 2780 id,
593 2719 662 2774 de
697 2735 806 2788 quo
835 2721 996 2789 paulo
1033 2729 1160 2776 ante
1211 2722 1420 2777 monui.
1455 2720 1672 2776 Putavit
1699 2737 1765 2777 eo
1790 2730 2055 2792 tempore,

480 2826 590 2881 quo
620 2810 914 2867 Paschales
952 2812 1040 2865 fixi
1078 2820 1207 2868 sunt
1252 2813 1492 2878 termini,
1538 2814 1750 2883 plenam
1784 2815 1966 2869 lunam
2000 2815 2056 2869 in

479 2918 578 2958 eos
635 2903 958 2960 incurrisse.
1017 2905 1174 2971 Quod
1236 2905 1457 2975 quidem
1509 2905 1685 2961 sancti
1734 2906 2055 2962 Damasceni

477 3001 635 3048 aetate
664 2995 913 3066 contigit,
941 3012 1064 3050 cum
1095 2998 1224 3050 olim
1267 2997 1486 3053 Niceno
1511 3000 1711 3053 saeculo
1741 3000 1908 3055 biduo
1941 2999 2054 3057 fere

479 3087 779 3156 plenilunia
831 3088 1212 3157 praevenirent.
1261 3088 1361 3144 Hic
1406 3089 1530 3146 fons
1567 3093 1772 3146 erroris
1801 3101 1887 3147 est
1919 3110 1934 3146 :
1961 3093 2049 3147 cui

479 3181 726 3249 proxime
779 3181 1158 3250 subjiciendus
1211 3191 1295 3237 est
1351 3184 1515 3249 alter,
1568 3184 1714 3254 quod
1761 3184 2047 3239 Judaicum

479 3268 688 3325 Pascha
757 3280 1023 3342 perpetuo
1093 3273 1362 3328 decimam
1439 3283 1690 3345 quartam
1733 3275 2051 3332 Paschalem

475 3363 920 3418 Christianorum
980 3380 1104 3421 esse
1149 3356 1308 3433 velit;
1364 3383 1464 3422 nec
1507 3367 1792 3439 intelligat,
1836 3368 2052 3426 Judaeos

477 3461 604 3508 ante
642 3470 869 3510 vernum
908 3456 1296 3526 aequinoctium
1332 3458 1651 3530 plerumque
1680 3459 1887 3514 Pascha
1911 3462 2053 3516 cele-

474 3546 665 3602 brasse
702 3567 714 3602 :
754 3555 868 3602 tum
911 3564 1039 3603 vero
1080 3559 1302 3620 prepter
1340 3553 1520 3607 varias
1558 3553 1963 3617 translationes,
1997 3554 2048 3607 in

474 3637 750 3694 decimum
785 3641 1040 3711 quintum
1076 3643 1161 3698 vel
1209 3643 1481 3699 decimum
1514 3655 1727 3703 sextum
1766 3646 2049 3706 ditfudisse

475 3728 641 3784 diem.

545 3821 688 3886 Quin
715 3821 883 3876 etiam
918 3823 1147 3879 ridicule
1179 3825 1424 3896 Argyrus
1447 3827 1588 3882 idem
1623 3828 1690 3882 de
1720 3829 2048 3899 aequinoctio

471 3928 642 3968 verno
698 3915 796 3968 abs
863 3929 922 3969 se
974 3915 1318 3984 deprehenso
1367 3927 1492 3973 ante
1556 3919 1698 3975 diem
1755 3938 1824 3975 xv
1868 3923 2046 3978 Martii

472 4004 666 4061 scribit
711 4018 778 4058 ex
829 4006 1219 4062 observatione
1265 4009 1629 4064 solstitiorum
1676 4031 1688 4066 :
1733 4015 1889 4083 quasi
1935 4033 2045 4070 non

378 4083 383 4088 ί
468 4098 644 4151 multo
693 4099 885 4162 tutius,
913 4096 997 4153 ac‘
1033 4099 1251 4155 facilius
1307 4102 1399 4164 sit,
1431 4104 1756 4173 aequinoctia
1800 4108 1914 4177 ipsa
1949 4109 2046 4164 ob-

470 4203 688 4242 servare
711 4202 806 4258 per
829 4205 969 4253 sese,
989 4206 1150 4259 quam
1175 4207 1239 4245 ex
1273 4193 1630 4247 solstitiorum
1658 4197 1865 4250 ratione
1893 4197 2047 4250 colli-

467 4295 616 4352 gere.
651 4279 748 4335 Est
791 4282 933 4335 enim
989 4283 1182 4337 horum
1239 4284 1642 4340 animadversio
1696 4287 1951 4351 diﬂicilis,
1993 4299 2046 4344 et

467 4370 680 4424 lubrica
714 4380 938 4442 propter
971 4373 1332 4428 lentissimam
1363 4382 1416 4430 et
1444 4376 1766 4449 ἀναίσθητον
1793 4396 2045 4450 progres-

469 4463 680 4517 sionem
711 4465 844 4519 solis
871 4480 900 4517 a
926 4465 1150 4534 tropicis
1179 4466 1418 4534 punctis,
1448 4474 1507 4521 ut
1529 4469 1835 4524 mirandum
1871 4473 2042 4542 magis

2751 1997 2984 2053 CAPUT
3020 1996 3112 2053 XI.

2167 2088 2354 2144 Altera
2387 2088 2662 2143 methodus
2699 2089 2978 2143 Paschalis
3018 2090 3319 2158 exponitur,
3351 2106 3466 2159 qua:
3495 2092 3548 2144 in
3573 2095 3746 2146 sancti

2553 2161 2592 2212 A
2605 2160 2782 2214 πάι-βω
2821 2169 3063 2228 computo
3095 2162 3347 2214 cernitur.

2239 2249 2336 2306 Est
2364 2249 2682 2305 Graecorum
2728 2258 3170 2320 computatorum
3210 2258 3265 2304 et
3311 2250 3419 2304 alia
3457 2251 3744 2308 methodus

2164 2343 2234 2397 ad
2295 2343 2590 2398 Paschales
2661 2343 2960 2408 terminos,
3011 2344 3128 2399 sive
3181 2342 3410 2398 Judaica
3469 2346 3743 2400 Paschata

2163 2437 2583 2506 cognoscenda;
2625 2451 2791 2507 quam
2825 2435 3141 2491 Chronlcon
3187 2436 3617 2492 Alexandrinum
3657 2453 3742 2493 se-

2161 2529 2393 2598 quitur:
2430 2528 2519 2582 cui
2562 2543 2675 2582 non
2720 2528 2954 2582 multum
2987 2528 3276 2584 dissimilis
3325 2536 3411 2584 est
3447 2545 3510 2584 ea
3537 2546 3658 2600 quae
3685 2531 3741 2585 in

2161 2627 2422 2689 computo
2483 2619 2716 2675 Andreas
2766 2619 3248 2690 Hierosolymitani
3304 2621 3536 2691 legitur;
3580 2622 3741 2691 cujus

2159 2713 2462 2768 declaratio
2501 2714 2570 2767 ad
2599 2729 2662 2770 ea
2702 2730 2825 2784 qua:
2863 2715 3139 2784 capitibus
3173 2716 3626 2771 antecedentibus
3653 2731 3726 2771 ex-

2159 2804 2360 2875 plicata
2391 2811 2540 2870 sunt,
2567 2820 2676 2858 non
2704 2820 2896 2874 parum
2923 2804 3210 2861 conducet.

2227 2893 2404 2949 Annis
2432 2895 2501 2948 ab
2527 2895 2736 2948 Adamo
2764 2909 2860 2963 per
2887 2894 2953 2948 19
2977 2895 3311 2960 distributis,
3344 2897 3556 2967 cyclum
3575 2898 3736 2962 lunae,

2155 2992 2212 3041 et
2283 2987 2335 3041 ei
2399 2995 2770 3057 congruentes
2834 2994 3055 3056 epactas
3113 2987 3361 3042 invenire
3410 2988 3586 3056 jubet.
3642 2985 3736 3043 [Iis

2155 3078 2356 3150 deinde
2392 3078 2514 3134 dies
2555 3095 2655 3131 xttt
2703 3077 2904 3133 addere
2952 3079 3052 3142 τὰς
3110 3079 3217 3150 πρὸ
3271 3079 3378 3132 τῶν
3414 3082 3733 3150 φ-ωστήρων,

2153 3185 2274 3240 quae
2299 3169 2632 3224 antecedunt
2655 3170 2980 3235 luminaria;
3010 3171 3163 3235 item,
3206 3169 3570 3240 προσελήνους
3601 3180 3729 3224 ante-

2157 3268 2369 3316 lunares
2394 3261 2506 3324 Vll,
2543 3269 2658 3316 tum
2709 3263 2777 3316 ad
2833 3262 3216 3332 complendam
3269 3262 3536 3315 decimam
3569 3278 3735 3331 quar-

2153 3361 2287 3417 tam,
2329 3362 2466 3423 quot
2507 3369 2649 3422 Opus
2680 3362 2766 3408 est
2794 3352 2911 3407 dics
2957 3353 3218 3422 adjicere.
3271 3351 3474 3407 Facilis
3508 3360 3592 3408 est
3619 3370 3733 3408 me—

2153 3446 2375 3501 thodus.
2429 3448 2470 3498 A
2521 3444 2785 3499 Kalendis
2842 3444 3055 3500 Martiis
3100 3445 3167 3499 ad
3204 3461 3299 3499 t'ttt
3347 3461 3523 3514 usque
3565 3444 3729 3509 diem,

2151 3553 2272 3606 qua:
2299 3538 2476 3606 prima
2529 3545 2614 3592 est
2653 3536 2938 3592 neomenia
2978 3536 3282 3602 Paschalis,
3320 3539 3436 3595 dies
3469 3548 3600 3594 sunt
3638 3557 3730 3594 vu.

2151 3626 2191 3684 li
2245 3638 2532 3701 propterea
2589 3632 2911 3702 προσέληνοι
2960 3639 3258 3698 vocantur;
3313 3633 3445 3702 quia
3497 3634 3728 3702 primam

2147 3724 2494 3777 neomeniam
2526 3723 2860 3794 praecedunt.
2891 3722 3020 3779 Inde
3055 3725 3120 3779 ad
3144 3742 3215 3779 xx
3235 3725 3433 3792 Martii,
3464 3725 3580 3780 dies
3606 3742 3728 3790 xm,

2148 3816 2242 3884 qui
2276 3816 2382 3887 πρὸ
2424 3816 2534 3868 τῶν
2567 3819 2868 3888 φωστήρων
2906 3819 3272 3887 appellantur,
3311 3834 3377 3874 eo
3424 3820 3568 3888 quod
3620 3823 3731 3891 pri-

2147 3923 2316 3973 mam,
2364 3924 2428 3963 ac
2463 3911 2708 3964 citimam
2745 3911 2990 3964 omnium
3022 3911 3290 3966 decimam
3326 3920 3577 3982 quartam
3601 3930 3731 3984 pro-

2147 3999 2294 4054 xime
2322 4001 2694 4066 antecedunt,
2722 4018 2843 4071 quae
2883 4011 2967 4057 est
2991 4019 3082 4057 xxt
3115 4004 3315 4059 Martii.
3351 4005 3727 4061 Luminarium

2147 4101 2329 4147 autent
2379 4095 2656 4164 oppositio
2702 4094 2818 4148 ﬁeri
2855 4094 2922 4148 ab
2946 4095 3056 4148 illis
3083 4097 3384 4165 putabatur
3413 4097 3466 4150 in
3497 4100 3728 4154 termino

2144 4183 2419 4240 Paschali.
2451 4185 2642 4255 Itaque
2673 4187 2813 4239 citra
2840 4187 3119 4256 ambages,
3155 4171 3274 4242 dies
3303 4205 3374 4242 xx
3411 4188 3477 4243 ad
3506 4199 3728 4260 epactas

2145 4277 2428 4334 addendas
2483 4294 2606 4333 esse
2643 4277 2928 4349 praescribi
2972 4287 3206 4348 poterat.
3245 4279 3364 4334 Iam
3404 4283 3452 4336 si
3493 4281 3726 4336 conﬂata

2143 4369 2357 4424 dierum
2391 4385 2604 4424 summa
2635 4371 2817 4425 minor
2862 4371 2934 4425 sit
2979 4386 3142 4440 quam
3181 4387 3327 4440 thv,
3367 4374 3609 4444 reliquos
3631 4377 3727 4428 ad-

2140 4461 2275 4530 jice,
2304 4462 2482 4516 donec
2514 4478 2641 4517 xttv
2669 4463 2950 4531 compleas
2986 4482 2999 4518 :
3033 4464 3298 4533 quidquid
3323 4465 3568 4520 additum
3597 4467 3722 4528 erit,

466 4557 537 4613 sit
581 4556 1019 4627 qualemcunque
1074 4568 1446 4613 astronomum
1496 4577 1614 4615 eam
1680 4565 2040 4633 cognoscendi
2071 4576 2118 4634 Ι)
2146 4563 2269 4624 I105t
2299 4572 2368 4608 XX
2416 4555 2597 4610 Μπῑίί
2651 4557 2958 4624 limabit”,
3005 4557 3366 4628 ostendet-que
3406 4557 3722 4616 Paschalem

465 4648 619 4700 verni
646 4649 959 4718 :cquinoctii
998 4651 1259 4705 rationem
1285 4653 1528 4714 inivisse,
1559 4670 1719 4723 quam
1755 4658 1854 4710 hac
1885 4658 2042 4713 adhi-

465 4739 600 4801 bita,
646 4739 830 4794 triduo
871 4741 1092 4797 circiter
1147 4744 1450 4799 aberrasse.
1483 4745 1615 4798 Nam
1647 4764 1832 4802 verum
1867 4752 2038 4820 tequi-

466 4833 710 4885 noctium
757 4847 982 4887 vernum
1041 4850 1185 4889 anno
1233 4837 1436 4891 Christi
1495 4838 1633 4891 1572
1683 4843 2037 4897 commissum

464 4930 549 4977 cst
578 4922 756 4976 Martii
791 4939 870 4978 xtt
903 4924 1144 4990 ineunte,
1177 4927 1307 4982 feria
1333 4941 1386 4983 vt
1419 4930 1552 4984 hora
1585 4932 1741 4997 1,11'
1773 4942 1898 5003 post
1923 4949 2038 4989 me—

464 5014 610 5068 diam
647 5023 884 5080 noctcm,
915 5016 1408 5090 Constantinopoli.
1443 5020 1673 5087 Quinam
1708 5032 1886 5078 autem
1921 5024 2037 5079 fieri

463 5115 665 5177 potest,
698 5117 754 5163 ut
801 5107 971 5165 Isaaci
1023 5119 1270 5181 tempore
1315 5115 1702 5183 :equinoctium
1745 5117 2039 5172 incurrerit

464 5198 518 5250 in
553 5197 737 5253 Martii
769 5216 858 5260 xv.
891 5200 974 5256 vel
1019 5216 1110 5255 xtv
1149 5201 1315 5264 diem,
1347 5219 1471 5257 cum
1516 5214 1734 5259 centum
1771 5205 1883 5261 fere
1913 5216 2040 5278 post

463 5287 647 5350 annis,
677 5286 782 5344 hoc
814 5294 899 5342 est
935 5285 1079 5342 anno
1110 5289 1270 5354 1188,
1304 5290 1538 5348 Joannes
1573 5292 2037 5364 Regiomontauus

463 5377 604 5430 idem
652 5380 920 5454 repererit
949 5379 1128 5434 Martii
1161 5399 1238 5449 xt,
1287 5383 1420 5439 hora
1453 5385 1506 5449 5,
1537 5386 1619 5439 40'
1650 5394 1774 5456 post
1802 5388 2034 5443 mediam

461 5471 718 5526 noctem?
745 5473 891 5542 quod
943 5482 998 5528 et
1044 5476 1123 5529 illi
1175 5492 1239 5531 ex
1293 5479 1497 5533 nostris
1528 5479 1730 5535 tabulis
1775 5489 1932 5536 eruto
1968 5483 2034 5536 ad

463 5561 632 5617 lsaaci
664 5571 882 5635 tempus
907 5567 1376 5622 accommodatum
1407 5577 1511 5624 est.
1535 5569 1670 5624 Tum
1698 5571 2035 5641 Copcrnicus

462 5667 606 5703 anno
633 5652 792 5716 1516,
822 5653 998 5709 Martii
1031 5672 1107 5721 xt,
1140 5657 1276 5711 hora
1305 5658 1360 5722 4,
1399 5659 1483 5714 20'
1514 5661 1840 5719 observavit.
1876 5662 2035 5719 Falsa

462 5742 626 5807 igitur
653 5744 962 5800 observatio
992 5748 1082 5802 illa
1113 5757 1196 5804 est
1225 5749 1397 5805 [saaci
1430 5751 1661 5824 Argyri;
1695 5754 1844 5808 velut
1867 5755 2032 5810 etiam

462 5848 582 5885 cum
610 5833 956 5895 Ptolemmum
1005 5839 1153 5897 addit
1195 5843 1576 5908 aequinoctium
1607 5843 2032 5904 denrchendisse

2144 4647 2460 4702 terminum.
2502 4647 2596 4702 Sin
2645 4647 2767 4704 dies
2797 4664 2944 4713 thv,
2980 4660 3074 4704 aut
3102 4650 3288 4719 plures
3334 4655 3496 4706 etiam
3534 4669 3725 4709 nume-

2140 4748 2353 4801 rentur,
2385 4747 2595 4794 tantum
2644 4741 2786 4796 adde
2809 4741 3046 4804 dierum,
3075 4752 3340 4812 quantum
3368 4761 3594 4800 necesse
3615 4756 3720 4810 est,

2140 4839 2222 4895 ut,
2272 4831 2470 4886 diebus
2501 4833 2721 4897 ablatis,
2777 4836 3194 4902 quatuordecim
3229 4835 3529 4897 resideant,
3561 4848 3613 4892 et
3641 4838 3722 4892 id-

2139 4925 2318 4993 ipsum
2358 4926 2503 4994 quod
2551 4925 2840 4993 adieceris,
2874 4936 3000 4996 post
3041 4943 3136 4981 xxt
3195 4927 3373 4982 Martii
3420 4939 3610 4998 putare
3639 4931 3722 4982 in—

2136 5018 2280 5087 cipe.
2314 5018 2524 5071 Etenim
2577 5017 2791 5071 decima
2839 5027 3036 5088 quarta
3079 5022 3336 5089 quaelibet
3367 5022 3502 5076 citra
3541 5022 3718 5077 Martii

2137 5126 2225 5164 χιιι
2267 5109 2516 5165 incidens
2542 5110 2783 5164 nondum
2824 5110 3108 5167 Paschalis
3134 5121 3220 5168 est
3246 5115 3351 5168 :ob
3384 5115 3434 5168 id
3472 5116 3719 5172 calculus

2136 5203 2281 5256 ultra
2312 5203 2696 5274 propagaudus
2729 5212 2834 5258 est.
2867 5204 2996 5260 Esto
3035 5207 3221 5276 cyclus
3250 5208 3716 5276 Constantinopo-

2135 5296 2338 5349 litanus
2371 5312 2480 5360 xtv,
2525 5297 2724 5365 quiest
2754 5297 3038 5352 Romanus
3078 5316 3214 5362 xvn,
3247 5308 3451 5368 epacta'.
3484 5308 3612 5356 sunt
3639 5317 3712 5362 tv,

2135 5404 2257 5456 quae
2287 5403 2410 5442 cum
2433 5405 2503 5442 xx
2532 5387 2734 5451 Martii,
2766 5389 3066 5444 conficiunt
3095 5391 3186 5444 2-1.
3223 5390 3294 5445 Ut
3319 5401 3501 5446 autem
3533 5392 3714 5447 ablata

2135 5481 2344 5550 integra
2389 5481 2630 5551 syzvgia,
2690 5482 2888 5550 reliqui
2949 5483 3060 5535 sint
3109 5482 3226 5538 dies
3265 5500 3377 5546 xlv,
3439 5483 3579 5538 adde
3617 5483 3708 5539 20.

2133 5571 2297 5626 Fiunt
2319 5572 2389 5625 4-1
2421 5573 2559 5627 dies.
2589 5571 2764 5626 Porro
2784 5573 3020 5627 addititii
3049 5573 3126 5627 illi
3162 5575 3234 5629 20
3259 5591 3289 5628 a
3317 5592 3405 5628 xxt
3438 5574 3615 5628 Martii
3641 5574 3710 5628 ad

2134 5681 2187 5717 tx
2215 5663 2418 5733 Aprilis
2447 5665 2806 5734 perveniunt;
2835 5680 2944 5734 quo
2980 5665 3067 5721 die
3088 5682 3179 5721 xtv
3200 5666 3485 5724 Paschalis
3512 5681 3712 5720 conve-

2135 5757 2233 5816 nit,
2266 5756 2417 5826 cyclo
2443 5756 2584 5810 lunae
2608 5754 2831 5811 Nicaano
2863 5774 2992 5812 xvu.

2206 5847 2420 5905 Rursus
2447 5848 2596 5920 cyclo
2614 5864 2643 5902 v
2667 5848 3296 5922 ConstantinOpolitano,
3332 5850 3573 5908 Romano
3591 5867 3709 5919 vtu,
