4070 6406
380 332 514 386 1M!

1369 323 1823 386 DISSERTATIO
1861 330 1950 386 DE
1990 329 2403 387 GRA‘ICORUM
2443 329 2647 386 IERIS.

3488 339 3630 396 IHS

377 451 584 516 epactaa
613 459 737 507 xxv,
770 458 891 513 quae
919 458 1042 498 cum
1078 459 1148 497 xx
1191 435 1384 499 diebus
1431 444 1608 498 Martii
1636 445 1767 498 dant
1805 461 1949 513 xtv;
1985 457 2026 510 Α
2055 446 2190 516 ginti
2230 486 2245 511 ,
2277 447 2482 502 idcirco
2521 445 2930 502 accommodata
2977 447 3188 519 integra
3219 450 3459 521 syzygia,
3494 467 3629 508 con-

380 546 439 592 ut
469 538 633 606 igitur
667 553 826 591 Lxxtv
855 535 973 591 dies
1001 537 1292 599 exsistant,
1332 536 1565 590 addendi
1603 553 1758 591 xxix.
1790 536 1950 592 Fient

381 631 466 684 74.
508 630 774 684 Detractis
801 630 890 686 GU.
934 630 1137 684 residui
1171 637 1298 684 sunt
1341 630 1426 682 14.
1465 629 1735 684 Caeterum
1781 631 1849 684 ad
1879 631 1950 684 20

375 724 492 778 dies
536 723 736 788 Martii,
786 722 983 775 additis
1005 722 1094 785 ‘29,
1127 730 1177 775 et
1222 736 1287 774 ex
1325 736 1539 775 summa
1567 721 1661 783 49,
1697 722 1949 778 deductis

375 815 434 868 5|
463 815 658 878 Martii,
689 824 858 868 restat
888 814 1090 882 Aprilis
1123 815 1212 877 18,
1255 814 1312 867 in
1356 828 1520 882 quam
1553 814 1818 869 terminus
1849 815 1950 868 Pan

373 907 576 961 schalis
614 907 866 961 Nicaenus
919 907 1193 976 congruit,
1244 906 1397 976 cyclo
1423 921 1540 958 vui.

360 1037 364 1062 ε
441 1000 512 1052 At
537 1002 760 1053 sanctus
800 999 1044 1052 Andreas
1074 997 1375 1060 Cretensis,
1402 1005 1460 1050 ut
1495 997 1637 1052 idem
1677 997 1945 1055 terminus

371 1093 702 1155 obtineatur,
731 1093 999 1146 labentem
1033 1092 1174 1145 lunae
1205 1092 1419 1161 cyclum
1449 1107 1546 1160 per
1590 1108 1642 1144 xt
1675 1092 1944 1161 multipli-

371 1192 478 1238 cat.
537 1183 772 1238 Summa:
829 1184 1071 1238 coliectae
1102 1199 1197 1237 sex
1242 1184 1359 1238 dies
1407 1184 1617 1251 adjicit,
1669 1199 1807 1253 quas
1848 1187 1942 1237 ἀπ’

370 1276 578 1329 αἰώνων
607 1285 787 1344 vocat,
837 1292 1011 1346 usque
1065 1276 1132 1329 ad
1171 1279 1386 1346 cyclum
1439 1291 1567 1342 xvn;
1628 1278 1784 1347 cyclo
1811 1293 1942 1332 vero

369 1387 514 1433 xvu,
554 1387 688 1424 xviu
737 1378 790 1424 et
825 1387 916 1424 xix
963 1380 1169 1440 septem
1209 1370 1376 1424 addit.
1411 1369 1543 1424 Post
1589 1370 1703 1425 haec
1731 1371 1938 1440 integra

369 1479 580 1519 summa
611 1479 706 1534 per
735 1463 806 1518 30
841 1464 1066 1524 tributa,
1101 1463 1247 1532 quod
1269 1463 1538 1532 reliquum
1566 1473 1650 1516 est
1681 1478 1710 1515 a
1739 1461 1936 1518 Martio

367 1558 568 1626 putari,
605 1557 764 1625 eique
805 1567 1064 1625 quantum
1105 1557 1316 1609 dierum
1350 1571 1488 1625 opus
1515 1562 1598 1610 est
1644 1556 1768 1610 addi
1800 1573 1940 1626 prte-

366 1649 517 1717 cipit,
545 1657 601 1702 ut
650 1664 910 1702 numerus
938 1649 1005 1703 ad
1043 1648 1436 1719 quinquaginta
1467 1650 1770 1717 perveniat,
1801 1651 1938 1704 adeo

366 1749 426 1794 ut
453 1742 615 1796 etiam
646 1742 712 1795 de
746 1743 912 1809 Aprili
949 1742 1150 1811 aliquid
1197 1742 1548 1810 adjungatur.
1578 1741 1782 1796 Horum
1820 1743 1934 1796 die-

2057 538 2192 592 Iinnt
2218 539 2336 593 dies
2378 554 2541 603 xux;
2574 538 2641 592 de
2671 539 2869 608 quibus
2900 539 3182 595 subductis
3221 541 3402 596 Martii
3434 543 3627 602 diebus

2055 644 2206 689 xxxi,
2258 635 2468 682 restant
2502 643 2660 683 xvm.
2735 626 2949 682 liursus
3013 629 3322 699 inquiratur
3362 635 3626 691 terminus

2053 717 2208 787 cyclo
2251 717 2394 771 luna:
2430 733 2584 791 ινιιιτ
2616 717 2830 788 Epacta:
2862 727 2989 772 sunt
3017 735 3173 785 xvm,
3199 721 3266 775 ad
3295 738 3432 791 quas
3465 738 3626 780 accc-

2052 806 2190 861 dunt
2226 823 2322 872 vn,
2357 814 2418 862 ut
2449 789 2582 862 (iant
2613 825 2736 870 xxv,
2779 810 2982 880 quibus
3015 812 3081 864 ad
3112 789 3506 883 quinquaginta
3536 817 3628 871 de-
3703 887 3706 891 ἢ

2050 909 2178 954 sunt
2212 916 2338 953 xxv.
2394 899 2536 970 Ergo
2579 901 2764 954 Martii
2794 902 2882 956 die
2915 918 3022 956 xxv
3055 912 3249 974 quarta
3280 905 3489 960 decima
3520 906 3624 960 Pa-
3717 964 3722 970 ,

2048 991 2250 1046 schalis
2290 992 2521 1046 incurrit
2545 995 2698 1065 cyclo
2723 993 2969 1049 Romano
2992 1011 3080 1058 xv,
3118 997 3621 1070 ConstantinOpoli-
3716 975 3729 996 ι

2048 1090 2176 1136 tano
2222 1098 2377 1138 xvtu.
2431 1084 2586 1139 Idem
2623 1084 2731 1150 fiet,
2774 1086 2817 1140 si
2855 1095 3168 1156 epactarum
3203 1106 3337 1144 xvm
3383 1093 3624 1161 complc-

2045 1179 2288 1226 mentum
2322 1175 2390 1228 ad
2424 1191 2581 1242 me,
2627 1177 2730 1231 hoc
2759 1185 2843 1234 est
2875 1166 2983 1232 xxv
3025 1196 3283 1236 numeres
3315 1181 3622 1239 aKalendis

2045 1261 2274 1319 Martiis.
2309 1264 2434 1320 Ilaec
2465 1269 2753 1325 methodus
2788 1271 2968 1326 locum
3008 1272 3168 1329 habet
3189 1276 3243 1328 in
3273 1273 3508 1330 Nicaenis
3531 1291 3622 1347 sy-

2044 1356 2234 1426 zygiis.
2274 1357 2430 1424 Quod
2456 1360 2502 1414 si
2535 1364 2894 1433 προηγήσεως
2927 1364 3135 1420 lunaris
3158 1366 3426 1420 rationem
3452 1368 3620 1422 duce-

2041 1461 2099 1499 re
2122 1447 2246 1516 quis
2277 1449 2445 1514 velit,
2479 1458 2659 1520 potest
2695 1453 2763 1507 ad
2805 1461 3052 1523 epactam
3085 1456 3203 1512 dies
3245 1457 3444 1512 addere
3489 1459 3621 1512 toti-

2041 1533 2186 1599 dem,
2220 1547 2350 1605 quot
2383 1539 2512 1591 luna
2561 1540 2851 1608 pristinam
2897 1543 3159 1612 epocham
3203 1548 3517 1614 antevertit,
3556 1556 3617 1602 ut

2040 1623 2260 1680 Isaacus
2285 1625 2530 1698 Argyrus
2555 1629 2811 1684 instituit.

2631 1721 2860 1778 CAPUT
2895 1722 3011 1778 XII.

365 1849 484 1886 rum
521 1834 743 1886 ultimus
774 1831 983 1888 Pascha
1013 1831 1299 1886 Judaicum
1332 1835 1455 1888 erit.
1499 1835 1670 1902 Cujus
1701 1835 1927 1899 decreti,

2037 1806 2352 1891 Declaratur
2395 1827 2522 1866 usus
2577 1816 2807 1902 cqmpuli
2831 1818 3139 1902 superioris
3179 1815 3519 1887 Cra’corttm,
3563 1832 3616 1876 et

365 1943 432 1979 ne
458 1926 586 1995 quid
616 1927 948 1996 diligentiam
975 1934 1219 1982 nostram
1241 1924 1522 1996 elfugeret,
1557 1941 1779 1980 causam
1810 1940 1934 1981 esse

363 2020 747 2087 comperimus.

432 2110 646 2180 Epactze
676 2111 920 2174 lunares,
953 2125 1074 2179 quae
1112 2109 1364 2164 Martium
1407 2110 1757 2178 antecedunt,
1805 2120 1933 2166 sunt

361 2203 565 2257 residui
601 2203 716 2257 dies
734 2215 854 2273 post
900 2203 1143 2256 ultimam
1167 2204 1440 2274 syzygiam
1476 2223 1489 2258 :
1527 2220 1760 2273 quorum
1784 2219 1928 2258 com-

362 2297 690 2364 plementum
735 2295 801 2349 ad
831 2311 960 2359 xxx,
996 2295 1330 2349 lunationem
1377 2311 1496 2350 earn
1539 2297 1772 2365 perlicit,
1811 2313 1933 2366 quze

361 2389 602 2442 nondum
663 2386 945 2443 Paschalis
991 2403 1113 2442 esse
1171 2394 1368 2462 potest.
1425 2387 1594 2458 Igitur
1648 2388 1931 2444 Paschalis

359 2481 490 2546 erit,
526 2495 862 2550 quaecunque
892 2488 1035 2548 ,post
1089 2480 1297 2548 ipsam,
1355 2481 1621 2534 decimam
1677 2489 1930 2549 quartam

359 2573 521 2626 habet
554 2573 608 2626 in
650 2589 737 2626 xxi
761 2571 958 2636 Martii,
1000 2580 1094 2625 aut
1123 2573 1367 2642 proxime
1404 2582 1528 2643 post
1554 2589 1664 2626 xxi.
1695 2572 1931 2629 Proinde

359 2665 425 2718 ad
455 2673 704 2734 epactam
750 2665 950 2719 addere
994 2671 1230 2734 oportet,
1277 2666 1422 2718 ultra
1468 2667 1929 2735 complementum

356 2755 512 2826 cjns‘,
564 2771 673 2825 quo
728 2757 936 2826 integra
986 2757 1205 2828 syzygia
1255 2757 1568 2826 perficitur;
1636 2756 1754 2812 dics
1810 2771 1926 2824 xw,

359 2849 423 2902 ad
456 2849 720 2904 decimam
757 2859 1006 2917 quartam
1049 2849 1280 2919 syzygize
1317 2849 1657 2918 insequentis
1679 2849 1928 2904 obtinen-

357 2940 502 2994 dam.
553 2939 683 3006 Quae
721 2941 936 3010 quidem
991 2940 1034 2994 si
1087 2941 1153 2994 ad
1198 2956 1291 2994 xxr
1352 2939 1528 2993 Martii
1587 2942 1928 3010 pervenerit,

356 3032 544 3101 utique
589 3030 872 3086 Paschalis
918 3031 1039 3085 erit.
1090 3028 1188 3084 Sin
1242 3033 1462 3096 minus,
1517 3033 1618 3086 toti
1665 3049 1770 3087 xxx
1809 3034 1927 3090 dies

2177 1882 2560 1948 pra’cipuorum
2607 1883 2860 1952 festorum
2897 1882 3147 1955 exemplis
3192 1893 3470 1946 astruitur.

2109 1967 2369 2039 Superest
2401 1979 2457 2024 ut
2498 1971 2670 2027 Grzeci
2702 1976 2963 2044 computi,
2992 1992 3151 2045 quem
3187 1989 3442 2035 accurate
3481 1981 3615 2035 hac-

2036 2071 2196 2117 tenus
2242 2064 2644 2132 enarravimus,
2679 2083 2838 2120 usum
2888 2084 2952 2122 ac
2995 2068 3233 2124 fructum
3267 2073 3612 2142 experiamur

2035 2153 2090 2206 in
2133 2153 2286 2209 festis
2343 2155 2560 2209 illorum
2598 2158 2890 2228 praecipuis
2942 2160 3283 2231 indagandis,
3340 2180 3460 2234 quae
3508 2181 3611 2219 nos

2033 2246 2254 2316 mobilia
2289 2247 2452 2316 vulgo
2494 2264 2900 2318 nuncupamus.
2924 2251 2998 2305 Ea
3039 2268 3200 2322 porro
3227 2256 3612 2310 describuntur

2033 2337 2087 2390 in
2111 2338 2333 2412 illorum
2360 2336 2674 2411 Horologio,
2699 2345 2842 2412 quod
2867 2342 3110 2400 Venetiis
3134 2347 3338 2401 editum
3361 2357 3445 2404 est
3466 2363 3610 2404 anno

2031 2425 2235 2480 Christi
2285 2427 2442 2482 1555.
2489 2429 2659 2498 Cujus
2696 2431 2749 2484 in
2785 2432 2986 2486 calcem
3018 2449 3282 2489 annorum
3327 2451 3396 2490 ιιι.
3439 2437 3610 2492 series

2031 2517 2381 2581 describitur,
2417 2519 2485 2572 ab
2513 2534 2658 2575 anno
2713 2523 2898 2578 mundi
2960 2523 3097 2578 7044
3147 2527 3215 2581 ad
3266 2527 3400 2583 7083
3429 2547 3442 2583 :
3470 2545 3609 2598 quo-

2031 2620 2152 2658 rum
2184 2606 2238 2659 in
2285 2607 2520 2678 singulis
2550 2609 2814 2664 festorum
2863 2626 2927 2666 ac
2969 2612 3349 2684 religiosorum
3394 2615 3606 2670 dierum

2033 2702 2277 2765 tempora
2310 2697 2686 2754 continentur.

2099 2784 2284 2840 Primo
2306 2787 2426 2842 loco
2467 2791 2501 2861 ἡ
2531 2791 2821 2864 παραμονὴ
2855 2791 2965 2845 τῶν
2994 2792 3228 2864 Χριστοῦ
3265 2794 3467 2863 γεννῶν
3500 2811 3604 2866 po-

2030 2877 2198 2944 nitur,
2244 2879 2348 2934 hoc
2381 2888 2464 2936 est
2509 2880 2706 2954 Vigilia
2754 2882 2963 2942 Natalis
2996 2885 3230 2952 Domini,
3261 2888 3418 2958 cujus
3469 2887 3604 2944 feria

2030 2978 2270 3026 notatur.

2101 3059 2380 3126 Secundo,
2408 3063 2766 3136 Κρεωφάγια,
2803 3063 2918 3120 hoc-
2943 3074 3027 3121 est
3065 3065 3192 3120 dies.
3207 3081 3397 3122 omnes
3429 3081 3460 3120 a
3492 3067 3603 3121 Na-

355 3122 590 3176 addendi
653 3131 844 3185 erunt,
895 3131 954 3176 nt
999 3122 1282 3178 Paschalis
1326 3124 1593 3232 terminus
1637 3125 1922 3232 habeatur.
1954 3157 1997 3216 ε
2028 3150 2124 3204 tali
2185 3152 2254 3205 ad
2311 3122 2674 3208 Dbmi'nica'm'
2715 3122 3094 3226 Sexagesinm’
3140 3173 3260 3227 qua,
3296 3159 3605 3232 Ἀπόκρεως

422 3211 691 3279 Quocirca
722 3215 786 3268 ad
813 3229 936 3268 eum
972 3215 1190 3269 modum
1223 3214 1556 3269 conformari
1598 3217 1784 3287 regula
1817 3217 1925 3272 ista

356 3312 566 3373 poterat
600 3324 612 3359 :
643 3303 723 3359 Ad
767 3315 1014 3376 epactam
1058 3306 1234 3376 adjice
1257 3317 1521 3376 quantum
1545 3308 1756 3362 dierum
1786 3323 1928 3378 opus

353 3396 418 3449 ad
451 3396 797 3466 complendos
832 3413 976 3463 xuv,
1016 3399 1222 3468 acyclo
1254 3401 1434 3468 primo
1475 3400 1541 3453 ad
1579 3415 1700 3465 xvr,
1736 3401 1821 3454 vel
1855 3399 1925 3454 ad

354 3503 482 3542 thu
533 3490 829 3558 explendos
885 3477 961 3544 ini
1006 3492 1184 3568 tribus
1237 3493 1409 3562 eyclis
1458 3493 1736 3563 reliquis,‘
1765 3493 1923 3548 initio

352 3580 498 3635 facto
545 3597 575 3635 a
609 3581 864 3639 Kalendis
895 3582 1124 3650 Martiis,
1160 3583 1206 3640 si
1246 3585 1391 3654 quod
1425 3586 1578 3641 deest
1631 3585 1810 3656 majus
1838 3593 1924 3641 est

353 3687 442 3724 xx.
478 3670 575 3727 Sin
608 3675 913 3741 minusest,
970 3683 1136 3730 totam
1194 3683 1456 3745 praeterea
1507 3679 1782 3749 syzygiam
1811 3695 1922 3733 xxx

351 3765 560 3819 dierum
614 3766 986 3821 accommoda.
1029 3765 1307 3836 Quidquid
1355 3768 1599 3822 additum
1646 3777 1752 3834 est,
1801 3771 1847 3825 si
1891 3785 1920 3824 a

352 3854 608 3912 Kalendis
644 3857 848 3913 Martiis
876 3865 1117 3927 putetur,
1155 3859 1209 3912 in
1261 3860 1553 3914 terminum
1597 3861 1919 3917 Paschalem

350 3947 580 4002 desinet.
611 3947 735 4004 Ilaec
769 3951 954 4020 regula
984 3950 1172 4005 eodem
1199 3966 1324 4005 cum
1351 3952 1446 4004 illa
1472 3953 1648 4008 sancti
1687 3952 1921 4008 Andreae

350 4041 560 4095 recidit.
595 4039 729 4094 Nam
759 4043 852 4111 qui
883 4057 978 4096 sex
1009 4042 1125 4098 dies
1153 4042 1303 4097 addit
1332 4046 1396 4098 ad
1420 4053 1704 4112 epactam;
1733 4061 1798 4101 ac
1832 4062 1922 4102 re-

353 4131 558 4198 liquum
587 4131 784 4187 deinde
827 4139 1078 4187 numerat
1122 4148 1152 4186 a
1180 4133 1438 4190 Kalendis
1473 4135 1706 4200 Martiis,
1745 4138 1919 4193 donec
1961 4161 1974 4170 ι

350 4221 740 4292 quinquaginta
798 4223 1100 4292 compleat;
1157 4224 1298 4278 idem
1343 4225 1472 4280 facit
1523 4242 1588 4281 ac
1636 4228 1684 4282 si
1726 4228 1924 4285 diebus

349 4311 456 4366 illis
484 4327 579 4366 sex
611 4326 720 4365 non
761 4312 990 4376 additis,
1013 4313 1160 4369 solos
1199 4328 1325 4369 xuv
1353 4317 1617 4386 expleret.
1648 4317 1790 4372 Cum
1820 4335 1917 4374 au-

347 4410 455 4456 tem
490 4403 630 4457 lunae
671 4405 864 4470 saltus,
893 4411 947 4458 et
984 4405 1226 4478 ὑποτομή
1270 4406 1376 4461 diei
1413 4408 1577 4462 unius
1624 4411 1778 4480 cyclo
1823 4427 1916 4466 xu

348 4495 665 4566 contingat,
743 4499 835 4568 qui
898 4507 982 4552 est
1032 4497 1432 4554 Alexandrinus
1484 4516 1577 4553 xix
1610 4541 1624 4564 ,

348 4602 444 4654 pra
483 4587 1016 4657 demonstravimus;
1080 4590 1202 4643 ideo
1261 4591 1474 4644 numeri
1529 4593 1680 4646 aurei
1734 4595 1919 4664 cycloo

346 4693 467 4730 rum
513 4683 856 4751 sequentium
899 4697 1006 4736 uno
1063 4683 1150 4737 die
1187 4683 1530 4738 neomeniam
1583 4683 1744 4739 citius
1782 4683 1916 4739 oﬂ‘e-

345 4775 492 4822 runt.
517 4765 598 4821 Ob
626 4768 682 4823 id
712 4780 914 4839 septem
946 4770 1063 4825 dies
1105 4773 1174 4825 ad
1226 4781 1447 4842 epactas
1483 4772 1634 4827 addit
1669 4775 1916 4831 Andreas

343 4859 495 4927 cyclo
525 4874 657 4924 xvu,
688 4876 821 4914 xvm
859 4871 911 4917 et
939 4879 1052 4928 tux,
1075 4871 1128 4918 et
1156 4879 1255 4920 nos
1280 4867 1345 4919 ad
1372 4881 1510 4919 me
1535 4865 1915 4922 tantummodo

343 4953 604 5021 compleri
641 4958 1328 5027 summampraecipimus;
1377 4969 1435 5012 ut
1473 4975 1585 5014 uno
1634 4961 1720 5015 die
1767 4970 1912 5023 ante,

341 5057 503 5110 quam
552 5043 609 5096 in
669 5045 918 5114 reliquis,
972 5049 1259 5102 neomenia
1315 5049 1562 5104 sistatur.
1629 5051 1916 5116 Quaeratur

340 5134 572 5204 exempli
603 5138 777 5205 gratia
801 5139 1063 5194 terminus
1096 5138 1379 5196 Paschalis
1421 5143 1575 5212 cyclo
1616 5160 1670 5196 v.
1699 5143 1916 5214 Epactze

343 5235 470 5278 sunt
497 5242 624 5288 xxv,
657 5229 723 5281 ad
741 5243 834 5282 eas
863 5229 1089 5298 adjectis
1120 5234 1355 5294 v1,liunt
1399 5250 1559 5300 xxxi;
1592 5245 1646 5288 et
1685 5236 1916 5305 abjectis

343 5325 467 5376 xxv,
490 5322 660 5368 restat
686 5331 722 5368 ι.
754 5315 907 5370 Adde
931 5319 1115 5388 itaque
1145 5336 1271 5374 xm
1309 5323 1442 5386 dies,
1467 5323 1647 5393 deque
1681 5325 1750 5380 iis
1772 5327 1916 5380 Mar-

341 5402 402 5453 tii
430 5403 546 5457 dies
572 5405 726 5460 aufer
751 5423 902 5471 xxxr,
941 5411 1135 5477 reliqui
1170 5421 1333 5467 erunt
1363 5431 1497 5469 xvm
1535 5418 1740 5486 Aprilis
1770 5419 1909 5473 dies.

341 5493 509 5562 Igitur
549 5498 750 5567 Aprilis
795 5503 1046 5555 xvurdie
1083 5506 1352 5562 terminus
1403 5508 1688 5566 Paschalis
1719 5512 1912 5568 incidit

340 5588 493 5655 cyclo
519 5586 1122 5661 Constantinopolitano
1156 5610 1208 5659 v,
1254 5596 1349 5665 qui
1391 5606 1475 5653 est
1501 5599 1908 5656 Alexandrinus

339 5690 455 5730 rm.
489 5678 558 5731 At
593 5682 888 5737 secundum
939 5687 1182 5755 regulam
1227 5696 1503 5754 nostram,
1535 5693 1793 5760 quoniam
1838 5695 1909 5748 ad

343 5782 483 5836 thv,
517 5772 710 5828 desunt
739 5773 857 5832 dies
893 5794 1004 5844 ιιι,
1057 5779 1147 5848 qui
1193 5795 1453 5837 numerus
1484 5784 1662 5839 minor
1708 5795 1791 5840 est
1826 5787 1904 5841 vi-

2024 3253 2270 3310 vocatur,
2290 3245 2488 3314 quibus
2519 3247 2766 3300 carnium
2792 3263 2919 3303 esus
2957 3247 3286 3319 indulgetur.

2095 3334 2303 3400 Tertio,
2359 3337 2422 3390 τὸ
2469 3337 2746 3408 Τριώδιον,
2785 3355 2905 3409 quae
2933 3349 3016 3395 est
3040 3339 3326 3395 Dominica
3353 3343 3605 3412 proximo

2025 3426 2356 3482 antecedens
2388 3426 2728 3482 Dominicam
2758 3428 3210 3502 Septuagesimaa.

2103 3516 2347 3583 Quarto,
2399 3521 2435 3589 ἡ
2476 3519 2789 3592 Ἀπόκρεως
2816 3562 2830 3586 ,
2889 3520 3167 3576 Dominica
3207 3521 3598 3593 Carnisprivii;

2023 3622 2187 3676 quam
2215 3607 2618 3677 Sexagesimam
2653 3613 3011 3680 appellamus,
3037 3627 3068 3667 a
3100 3627 3208 3683 qua
3233 3613 3407 3668 Graeci
3433 3614 3601 3667 absti-

2023 3711 2153 3750 nere
2187 3697 2454 3752 carnibus
2504 3697 2796 3768 incipiunt,
2833 3698 3025 3755 diebus
3061 3709 3188 3756 ante
3220 3701 3431 3756 Pascha
3462 3718 3548 3756 LVI
3582 3722 3595 3756 :

2023 3785 2168 3855 quod
2195 3801 2260 3841 eo
2290 3786 2519 3852 faciunt,
2552 3797 2611 3842 ut
2641 3805 2708 3843 xi.
2740 3790 2953 3845 dierum
2977 3792 3249 3863 jejunium
3279 3793 3331 3848 in
3364 3794 3598 3850 solidum
3646 3795 3652 3802 '

2023 3883 2258 3932 constet.
2315 3876 2454 3932 Cum
2502 3879 2649 3933 enim
2709 3877 2951 3935 Sabbato
3003 3882 3254 3952 jejunarc
3309 3883 3464 3940 nefas
3501 3885 3601 3938 ba-

2023 3968 2208 4034 beant,
2261 3984 2375 4024 uno
2419 3980 2646 4041 excepto
2681 3972 2858 4043 pridie
2883 3972 3187 4042 Paschatis,
3219 3977 3264 4032 si
3293 3977 3360 4032 de
3392 3977 3599 4032 hebdo-

2021 4057 2273 4114 madihus
2303 4075 2430 4124 vm,
2464 4061 2658 4118 diebus
2700 4077 2807 4128 ινι,
2837 4073 2961 4119 octo
2994 4065 3328 4130 Dominicas,
3363 4083 3427 4122 ac
3461 4066 3598 4122 Sab-

2020 4150 2150 4205 bata
2201 4167 2280 4206 vn
2331 4167 2632 4224 expungas,
2680 4157 2876 4227 reliqui
2931 4155 3050 4212 dies
3101 4167 3263 4213 erunt
3314 4175 3426 4212 xu.
3459 4159 3600 4213 Nam

2019 4248 2356 4309 postremum
2410 4244 2706 4298 Sabbatum
2742 4255 2898 4301 extra
2944 4247 3192 4304 ordinem
3239 4247 3454 4319 jejunio
3503 4248 3602 4302 di.-

2019 4340 2199 4389 catur.

2090 4422 2311 4490 Quinto,
2347 4424 2518 4494 legale
2546 4423 2778 4482 Pascha.

1700 4509 1759 4554 υι
1820 4518 1917 4558 su-
1948 4509 1996 4566 D
2094 4513 2280 4579 Sexto,
2305 4514 2675 4571 Christianum
2707 4518 2936 4573 Pascha.

2090 4604 2355 4676 Septimo,
2389 4610 2426 4679 ἡ
2452 4609 2703 4680 Κυριακὴ
2744 4609 2850 4663 τῶν
2891 4610 3083 4680 Ἀγίων
3129 4613 3367 4673 7cdem
3404 4609 3591 4670 Domi-

2017 4698 2138 4752 nica
2162 4696 2488 4754 Sanctoruin
2517 4701 2761 4756 omnium
2788 4721 2802 4770 ;
2834 4719 2956 4774 quae
2987 4705 3279 4760 Dominica:
3304 4704 3591 4763 Trinitatis

2016 4789 2334 4858 respondet.

2088 4877 2314 4944 Octavo,
2344 4879 2615 4950 jejunium
2659 4890 2970 4938 sanctorum
3010 4885 3414 4956 Apostolorum,
3445 4889 3590 4958 quod

2015 4969 2191 5025 Graeci
2255 4973 2462 5026 obeunt
2527 4987 2558 5026 a
2612 4972 2892 5030 Dominica
2945 4975 3270 5032 Sanctorum
3319 4981 3597 5044 omnium,

2023 5079 2199 5133 usque
2236 5064 2302 5118 ad
2333 5079 2499 5118 xxvm
2543 5063 2712 5120 Junii.
2737 5065 2872 5120 Nam
2921 5083 3050 5122 xxix
3090 5067 3236 5123 Junii
3276 5077 3591 5125 sanctorum

2014 5153 2385 5221 apostolorum
2417 5152 2563 5208 Petri
2601 5163 2655 5210 et
2697 5155 2854 5211 Pauli
2891 5158 3088 5213 festum
3141 5162 3440 5218 celebrant.
3482 5161 3600 5215 Ροε

2013 5244 2202 5298 stridie
2243 5244 2344 5316 τὴν
2409 5245 2624 5312 σύναξιν
2682 5248 2791 5302 τῶν
2836 5249 3042 5305 δώδεκα
3092 5253 3422 5308 ἀποστόλων.
3476 5253 3602 5310 lInC'

2013 5351 2177 5404 porro
2199 5336 2468 5405 jejunium
2499 5339 2636 5393 alias
2659 5341 2872 5410 longius
2894 5381 2909 5408 ,
2954 5344 3090 5398 alias
3121 5345 3460 5402 contractius
3483 5355 3599 5402 est.-

2012 5424 2262 5481 Totidem
2306 5429 2449 5483 enim
2483 5429 2694 5484 dierum
2723 5439 2828 5496 cst,
2862 5440 2994 5502 quot
3023 5451 3053 5488 a
3082 5433 3348 5491 Paschate
3377 5437 3444 5492 ad
3476 5445 3598 5492 ter--

2011 5517 2148 5570 tium
2199 5517 2342 5572 diem
2385 5517 2533 5573 Junii
2587 5529 2994 5590 computantur,
3041 5532 3102 5577 ut
3159 5525 3381 5582 Isaacus
3429 5527 3601 5582 docet}

2009 5608 2189 5677 capite
2210 5607 2327 5665 XV.
2362 5609 2499 5664 Nam
2531 5627 2562 5665 a
2585 5610 2854 5668 Paschate
2891 5614 2959 5669 ad
2993 5613 3330 5670 Dominicam
3359 5626 3584 5688 aposto-

2008 5699 2354 5765 lorum,,dies
2383 5713 2512 5758 sunt
2545 5719 2676 5758 Lvu.
2704 5703 2749 5756 A
2775 5706 2940 5759 tertio
2970 5705 3093 5759 Maii
3121 5707 3188 5761 ad
3214 5724 3384 5764 xxvm
3413 5707 3582 5769 Junii,

2009 5789 2126 5846 dies
2157 5791 2404 5849 totidem.
2438 5794 2618 5860 Quare
2646 5794 2864 5864 dempto
2887 5797 3175 5855 intervallo
3203 5814 3234 5852 a
3266 5801 3430 5856 tertio
3457 5797 3596 5855 Mair
