4070 6406
482 375 618 430 1343

1473 375 1565 429 AD
1605 375 1689 430 ΕΙ]
1702 375 1845 430 SEBI
1863 381 1880 432 .'
1900 373 2299 434 CHRONICON
2344 373 2710 433 APPENDIX.

3601 383 3732 440 MM-

479 495 546 548 ad
595 493 936 548 Dominicam
993 494 1396 562 apostolorum,
1448 512 1617 550 unum
1651 497 1901 566 idemque
1933 512 2060 566 spa-
2094 504 2133 558 Α
2166 494 2298 549 Nam
2330 510 2359 548 a
2386 495 2664 552 Dominica
2694 497 3218 570 Sexagesimm,qu:e
3234 503 3372 573 esti]
3404 502 3732 576 Ἀπόκρεως,

446 583 615 657 ,tium
651 585 756 639 erit
786 599 814 636 a
845 583 1112 638 Paschate
1143 585 1210 638 ad
1253 587 1471 640 tertium
1500 585 1667 652 Junii,
1701 588 1845 657 quod
1895 595 1982 643 est
2028 603 2058 640 a

440 651 760 752 :D'ominica
792 675 897 728 τῶν
923 675 1232 730 ἀποστόλων
1268 678 1334 732 ad
1364 694 1532 733 xxvm
1562 678 1729 733 Junii.

549 764 622 819 Ut
671 765 786 818 haec
821 764 1001 818 omnia
1039 767 1313 836 superiori
1365 770 1622 824 methodo
1653 771 1893 842 expediri
1930 789 2058 842 pos-

479 854 618 921 sint,
667 853 832 908 unius
877 855 1005 908 anni
1060 856 1367 930 διαγραφήν
1409 876 1477 915 ex
1516 859 1808 932 Horologio
1859 879 2058 934 propo-

477 963 695 1002 nemus.

550 1041 741 1104 Ἕτους
789 1041 919 1113 ,ζμᾶ
983 1043 1304 1107 ίνδικτιῶνος
1364 1043 1408 1096 θ’
1437 1060 1451 1074 ⁸
1496 1045 1644 1115 ἡλίου
1694 1046 1882 1100 κύκλοι
1947 1051 2053 1119 ις’έ·

477 1134 771 1204 φεγγαρίου
823 1135 1010 1188 κύκλοι
1053 1135 1131 1188 ιδ’.
1201 1137 1264 1187 'H
1320 1138 1610 1208 παραμονὴ
1657 1138 1763 1191 τῶν
1817 1141 2054 1210 Χριστοῦ

475 1225 678 1291 γεννῶν
705 1227 889 1297 ἡμέρα
933 1234 1022 1291 ς’·
1057 1229 1374 1298 κρεωφαγία
1408 1230 1611 1299 ἡμέραι
1653 1232 1748 1294 vi’.
1784 1231 1856 1283 Τὸ
1897 1232 2058 1303 τριώ-

473 1315 582 1368 διον
612 1318 834 1388 ἄρχεται
859 1319 1202 1390 Φεϐρουαρίῳ
1231 1319 1312 1373 ιϐ’.
1349 1321 1589 1389 Νομικὸν
1617 1322 1807 1392 Πάσχα
1836 1324 2056 1396 Ἀπριλ-

475 1409 572 1478 λίῳ
605 1409 667 1461 θ’.
706 1410 1044 1478 Χριστιανῶν
1099 1412 1287 1480 Πάσχα
1327 1412 1623 1483 Ἀπριλλίῳ
1655 1421 1750 1478 ις’.
1802 1417 2052 1488 Κυριακὴ

474 1499 582 1550 τῶν
648 1499 842 1566 Ἀγίων
890 1502 1104 1553 πάντων
1162 1501 1364 1572 Ἰουνίῳ
1409 1510 1508 1554 ta."
1569 1506 1600 1574 ή
1661 1505 1882 1575 νηστεία
1942 1507 2052 1560 τῶν

474 1592 643 1658 ἁγίων
674 1591 1006 1654 ἀποστόλων,
1031 1593 1236 1664 ἡμέραι
1272 1594 1354 1658 ιζ’.

549 1702 567 1734 ι
599 1684 758 1737 Anno
800 1685 956 1747 70H,
991 1687 1290 1741 indictione
1321 1703 1396 1751 Ix,
1435 1688 1564 1743 solis
1603 1690 1743 1759 cycli
1774 1705 1884 1753 xvi,
1913 1690 2052 1744 lunze

477 1792 586 1841 xlv,
617 1780 948 1845 exspectatio
995 1779 1194 1834 natalis
1223 1780 1445 1846 Christi,
1497 1782 1629 1836 feria
1668 1797 1721 1834 v1
1746 1822 1761 1847 ,
1800 1784 2047 1837 carnium

472 1885 601 1924 esus
627 1869 820 1924 diebus
851 1886 978 1923 Lvu.
1029 1869 1308 1925 Triodium
1365 1874 1556 1944 incipit
1604 1873 1886 1928 Februarii
1933 1891 2044 1931 xtx.
2080 1852 2123 1910 Β

460 1959 669 2029 -ίιεεειιο
725 1959 933 2014 Pascha
962 1961 1162 2030 Aprilis
1215 1978 1288 2016 Ix.
1347 1963 1780 2021 Christianorum
1840 1965 2048 2020 Pascha

473 2053 675 2121 Aprilis
705 2068 815 2106 xvr.
847 2051 1130 2107 Dominica
1160 2052 1487 2108 Sanctorum
1517 2058 1758 2110 omnium
1790 2056 1934 2110 Junii
1971 2073 2045 2110 xl.

470 2143 746 2212 Jejunium
776 2156 1091 2199 sanctorum
1116 2146 1525 2216 Apostolorum,
1560 2148 1678 2202 dies
1705 2165 1868 2202 xm.»

541 2235 636 2289 Est
671 2235 762 2289 hic
811 2253 988 2292 annus
1039 2237 1245 2292 Christi
1300 2239 1458 2304 1556,
1504 2247 1560 2292 ιιι
1600 2249 1844 2309 apparet,
1891 2242 1937 2296 si
1982 2242 2049 2296 de

475 2326 610 2380 7044
643 2327 984 2382 deducantur
1026 2328 1188 2382 5508.
1214 2328 1415 2400 Cyclus
1445 2337 1562 2384 erat
1596 2327 1875 2384 Romanus
1906 2333 2050 2386 sola-

471 2419 550 2472 ris
594 2435 648 2483 v,
709 2419 904 2473 littera:
961 2418 1068 2484 BA,
1120 2421 1262 2474 lunae
1297 2437 1406 2476 xxv.
1462 2423 1620 2475 Anno
1671 2423 2046 2487 antecedente,

474 2510 613 2563 i555
657 2511 808 2581 cyclo
844 2510 1093 2566 Romano
1122 2528 1176 2566 Iv
1205 2512 1387 2565 littera
1411 2521 1529 2567 erat
1553 2511 1593 2567 C
1629 2529 1643 2564 :
1671 2514 1794 2568 ideo
1821 2513 1954 2567 feria
1993 2531 2046 2568 vi

475 2602 786 2659 Decembris
814 2621 963 2658 xxiv.
994 2603 1195 2660 Divisis
1231 2604 1369 2658 7044
1417 2622 1513 2676 per
1553 2615 1924 2676 competentes
1955 2621 2049 2678 cy-

466 2683 610 2757 'clos,
645 2695 884 2765 prodibit
913 2696 1046 2751 solis
1076 2713 1188 2761 va,
1226 2697 1368 2750 luna:
1399 2714 1510 2762 xlv,
1555 2707 1761 2768 epactaa
1795 2699 1937 2753 lunae
1971 2713 2044 2752 Iv.

472 2784 620 2840 Adde
651 2801 718 2838 XL
746 2786 883 2850 dies,
917 2795 969 2841 et
1010 2787 1272 2842 detractis
1299 2787 1492 2844 diebus
1538 2788 1738 2853 Martii,
1776 2791 2048 2860 relinque-

470 2883 560 2928 tur
607 2891 787 2931 nonus
832 2876 1055 2948 Aprilis,
1102 2893 1212 2948 quo
1271 2880 1540 2935 terminus
1591 2879 1874 2936 Paschalis
1922 2880 2042 2937 fuit.

469 2967 874 3024 Concurrentes
895 2978 1050 3024 erant
1070 2973 1226 3042 cyclo
1247 2972 1380 3027 solis
1409 2971 1624 3026 decimo
1657 2981 1812 3028 sexto
1844 2991 1897 3036 v,
1918 2990 2040 3043 qua:

469 3074 594 3112 cum
636 3061 872 3130 regulari
916 3061 1142 3131 Apriliso
1169 3064 1219 3129 1,
1250 3074 1305 3120 et
1333 3064 1367 3119 9
1389 3065 1600 3132 diebus,
1655 3065 1896 3122 eﬁiciunt
1926 3069 1993 3123 15
2029 3088 2041 3122 :

467 3147 728 3204 detractis
762 3150 793 3204 7
817 3152 1034 3206 residua
1066 3136 1149 3208 est
1176 3153 1313 3209 feria
1351 3157 1548 3226 prima,
1576 3157 1630 3210 in
1661 3173 1822 3228 quam
1853 3161 2044 3214 termi-

468 3257 573 3297 nus
625 3242 838 3298 incidit.
878 3243 1004 3301 ldeo
1046 3245 1260 3302 Pascha
1317 3256 1669 3319 prorogatum
1715 3257 1801 3307 est
1850 3251 1906 3306 in
1953 3269 2044 3307 xvi

465 3331 690 3402 Aprilis.
721 3331 838 3388 Jam
882 3336 929 3390 si
971 3336 1039 3392 de
1068 3339 1274 3408 Aprilis
1311 3355 1400 3393 xw
1431 3339 1543 3406 die,
1582 3341 1636 3396 id
1669 3343 1843 3399 estde
1872 3345 1975 3400 107
2014 3363 2046 3402 a

469 3421 723 3480 Kalendis
771 3424 1048 3484 Ianuariis
1105 3429 1240 3499 (fuit
1296 3432 1442 3486 enim
1500 3432 1770 3489 bisextilis
1824 3439 2042 3510 annus)

467 3516 758 3573 subtrahas
815 3520 902 3587 57,
926 3521 1303 3592 relinquentur
1335 3523 1425 3588 50,
1459 3523 1573 3578 sive
1617 3523 1904 3582 Februarii
1953 3545 2044 3583 xix

467 3608 604 3674 dies,
636 3611 779 3680 quod
813 3610 1093 3668 Dominica
1127 3615 1160 3685 ἡ
1206 3615 1514 3687 Ἀπόκρεως
1540 3619 1788 3690 contigit.
1819 3620 1865 3672 A
1899 3622 2047 3677 vice-

467 3705 608 3757 sima
638 3705 826 3774 quinta
857 3705 1173 3762 Decembris
1204 3708 1270 3762 ad
1298 3723 1388 3762 xIx
1424 3707 1731 3777 Februarii,
1763 3713 1880 3769 dies
1917 3722 2046 3769 sunt

467 3809 614 3851 LVII:
671 3796 870 3865 quibus
909 3799 1168 3854 carnibus
1211 3799 1360 3854 vesci
1398 3800 1544 3867 licet,
1589 3811 1715 3858 ante
1741 3805 2046 3877 quadrage-

467 3886 658 3940 simale
681 3887 974 3956 jejunium.
1006 3889 1158 3944 Adde
1190 3905 1276 3943 Lvt
1307 3890 1425 3946 dies
1471 3891 1539 3946 ad
1575 3891 1896 3951 Paschalem
1940 3897 2046 3954 Do—

467 3977 748 4037 minicam,
782 3993 904 4046 quae
947 3989 1032 4034 est
1059 3995 1158 4045 xvr
1185 3980 1425 4049 Aprilis;
1462 3983 1708 4039 calculus
1741 3984 1957 4041 desinet
1987 3987 2043 4042 in

466 4084 520 4121 χι
548 4067 718 4133 Junii,
749 4085 870 4138 quae
912 4073 1017 4125 erit
1061 4069 1344 4126 Dominica
1399 4072 1748 4135 Sanctorum.
1781 4077 2045 4134 Interval-

467 4158 580 4212 lum
626 4172 657 4211 a
705 4157 970 4215 Paschate
999 4161 1066 4215 ad
1115 4177 1176 4216 ιιι
1228 4162 1356 4218 Maii
1389 4164 1507 4221 dies
1553 4182 1690 4235 xvn,
1722 4180 1857 4239 quot
1886 4172 1956 4226 ab
1989 4189 2044 4227 χι

462 4249 612 4305 Junii
648 4251 715 4305 ad
745 4269 936 4308 xxvm.
967 4252 1202 4310 Proinde
1224 4255 1492 4326 jejunium
1525 4263 1901 4330 apostolorum
1924 4265 2043 4322 dies

463 4343 653 4397 habuit
695 4359 828 4398 xvu.

537 4436 741 4494 Praeter
768 4438 882 4492 haec
917 4438 1077 4502 festa,
1111 4455 1231 4509 qua:
1271 4441 1494 4498 mobilia
1523 4455 1809 4512 vocantur,
1837 4465 2045 4506 memo-

2165 587 2231 641 ad
2265 585 2498 650 Pascha,
2528 589 2646 645 dies
2685 599 2811 644 sunt
2850 607 2984 648 Lvu.
3013 593 3094 647 Ad
3125 595 3416 648 terminum
3464 613 3593 650 vero
3625 599 3736 652 sive

2162 695 2253 734 xlv
2300 679 2642 747 Paschalem,
2674 683 2948 739 interdum
2993 687 3112 742 dies
3161 695 3290 741 sunt
3337 695 3398 741 ut
3453 691 3737 745 minimum

2159 770 2585 843 quinquaginta,
2622 775 2689 829 ad
2737 792 3011 830 summum
3037 779 3432 848 quinquaginta
3477 796 3596 834 sex.

2738 890 2968 946 CAPUT
3008 891 3145 947 Xlil.

2159 1002 2434 1058 Methodus
2461 1005 2691 1072 computi
2725 1003 3050 1068 Gra’corum,
3075 1006 3216 1074 quia
3242 1005 3299 1058 Μ
3305 1007 3503 1064 aximo,
3523 1005 3737 1070 Isauro,

2229 1076 2450 1142 aliisque
2487 1077 2713 1128 traditus
2744 1085 2842 1141 est,
2888 1093 2980 1144 per
3022 1077 3230 1129 tabulas
3269 1087 3319 1130 et
3363 1093 3588 1129 canones
3643 1093 3739 1128 e1—

2225 1145 2555 1213 pcditissima
2589 1145 2840 1199 traditur.

2154 1239 2205 1308 εἲ
2227 1238 2345 1293 Νοιι
2405 1239 2545 1303 erit,
2600 1239 2815 1308 opinor,
2852 1240 3120 1310 ingratum
3188 1239 3451 1294 studiosis
3492 1239 3739 1292 bistorim

2155 1330 2354 1384 Graecae
2407 1337 2462 1384 et
2515 1331 2795 1384 annalium
2846 1331 3181 1397 lectoribus;
3233 1347 3428 1400 magno
3469 1343 3619 1384 certe
3668 1331 3736 1383 iis

2153 1419 2470 1489 adjumento
2499 1420 2615 1476 fore
2646 1421 2883 1484 conﬁdo,
2935 1422 2981 1476 si
3017 1437 3085 1476 ex
3115 1423 3184 1476 iis
3216 1423 3486 1484 omnibus,
3518 1437 3640 1491 quae
3668 1421 3736 1474 de

2152 1511 2468 1568 Graecorum
2500 1513 2624 1569 aris
2655 1529 2721 1568 ac
2753 1514 3031 1584 computis
3064 1515 3282 1583 copiose
3323 1514 3590 1568 hactenus
3631 1530 3732 1569 ex-

2151 1607 2498 1676 plicavimus,
2541 1608 2835 1663 methodus
2867 1608 3048 1677 aliqua
3088 1605 3434 1670 conﬁciatur,
3466 1615 3646 1661 certos
3676 1607 3730 1659 in

2152 1715 2388 1755 canones
2420 1701 2672 1766 redacta;
2720 1717 2955 1771 quorum
2990 1701 3245 1770 priesidio
3273 1701 3556 1755 celerrime
3582 1699 3730 1768 quod

2156 1794 2417 1863 qumritur
2446 1794 2762 1864 investigari
2790 1806 2970 1864 queat.
2997 1793 3278 1864 llujuS'rei
3307 1798 3482 1863 gratia
3513 1793 3732 1846 tabulas

2151 1887 2499 1941 condidimus
2533 1903 2607 1953 vr,
2649 1903 2882 1956 quarum
2935 1889 3197 1942 rationem
3273 1895 3328 1942 et
3363 1902 3521 1941 usum
3549 1887 3733 1940 brevi-

2151 1986 2234 2030 ter
2269 1978 2588 2032 edisseram.
2638 1976 2821 2031 Prima
2860 1976 3032 2032 Grmci
3070 1978 3308 2047 computi
3347 1992 3519 2032 annos
3571 1976 3733 2031 oﬁ'ert

2151 2085 2275 2123 cum
2329 2070 2496 2140 cyclis
2546 2070 2746 2130 tribus,
2797 2085 2919 2139 qua:
2957 2079 3041 2123 est
3088 2085 3318 2138 prorsus
3370 2069 3558 2123 eadem
3602 2084 3729 2122 cum

2151 2162 2335 2216 tabula
2365 2161 2574 2231 periodi
2603 2160 2831 2216 Juliana:
2858 2162 2997 2216 libro
3032 2160 3122 2214 VII
3149 2159 3224 2214 De
3256 2161 3498 2214 doctrina
3530 2171 3730 2228 tempo-

2151 2269 2293 2315 rum,
2318 2253 2498 2321 capite
2527 2249 2596 2303 ΙΧ
2618 2250 2914 2320 descripta.
2948 2251 3209 2316 Quamvis
3239 2252 3382 2306 enim
3413 2249 3729 2305 Graecorum

2151 2349 2440 2410 computus
2460 2357 2568 2395 non
2597 2341 2667 2395 sit
2701 2342 2997 2396 artiﬁciosa
3040 2343 3300 2411 periodus
3322 2383 3336 2401 .
3367 2349 3421 2396 et
3454 2343 3519 2396 ad
3551 2343 3724 2396 solam

2151 2433 2433 2502 cyclorum
2472 2433 2785 2486 methodum
2831 2433 3100 2497 instituta,
3131 2438 3207 2487 uti
3237 2433 3452 2487 Juliana
3494 2451 3507 2485 :
3543 2446 3726 2487 tamen

2150 2539 2259 2577 non
2295 2524 2478 2579 minus
2498 2523 2589 2578 ille
2622 2540 2718 2594 per
2739 2525 2924 2595 cyclos
2952 2525 3190 2596 integros
3218 2525 3448 2580 divisus.
3475 2529 3727 2594 pr0prios

2150 2612 2307 2666 olTert
2331 2614 2461 2666 anni
2495 2613 2810 2682 cujuslibet.
2841 2613 3025 2684 Itaque
3055 2630 3084 2668 a
3123 2616 3346 2684 periodo
3377 2614 3590 2668 Juliana
3621 2615 3725 2668 hoc

2150 2705 2266 2759 solo
2295 2704 2496 2768 diﬁcrt,
2523 2705 2670 2774 quod
2709 2706 2825 2760 haec
2847 2707 3032 2776 cyclos
3059 2707 3191 2761 solis
3211 2747 3226 2771 ,
3271 2707 3446 2771 lunae,
3485 2715 3540 2760 et
3578 2707 3722 2761 indi-

2148 2795 2346 2850 ctionis
2377 2795 2580 2865 praebet
2611 2794 3002 2858 Romanorum,
3055 2811 3119 2850 ac
3161 2794 3362 2850 Juliani
3399 2797 3528 2850 anni
3560 2811 3726 2866 pecu-

2149 2889 2334 2944 liares.
2367 2887 2592 2944 Graecus
2625 2904 2758 2943 vero
2801 2897 3091 2958 computus
3126 2889 3317 2944 saltem
3342 2889 3553 2960 cyclum
3589 2889 3721 2944 solis

2148 2977 2425 3032 diversum
2450 2977 2693 3032 exhibet.
2725 2977 2861 3031 Nam
2893 2976 3298 3032 Alexandrinus
3327 2977 3380 3031 in
3404 2978 3547 3031 lunae
3569 2978 3724 3048 cyclo

2117 3052 2424 3134 'convenit,
2457 3068 2814 3124 indictionem
2841 3069 3048 3123 unitate
3067 3069 3333 3122 minorem
3363 3069 3545 3125 habet.
3573 3069 3719 3124 Con-

2149 3161 2695 3231 stantinopolitanus,
2749 3161 2921 3216 solam
2953 3160 3300 3215 indictionem
3345 3175 3468 3213 cum
3506 3159 3723 3214 Juliana

2148 3253 2374 3324 periodo
2411 3267 2754 3308 communem
2784 3251 2961 3320 parit;
2992 3252 3206 3322 cyclum
3233 3251 3376 3305 luna:
3405 3249 3718 3304 Judaicum.

2147 3340 2413 3407 Quocirca
2461 3341 2797 3396 discriminis
2854 3355 3058 3404 causa,
3106 3339 3380 3394 Julianam
3435 3341 3721 3410 periodum

2146 3431 2484 3502 appellamus
2518 3446 2662 3497 eam,
2689 3447 2813 3501 qua:
2839 3429 3104 3486 Romanis
3126 3432 3293 3502 cyclis
3315 3433 3483 3487 servit
3522 3449 3538 3487 :
3571 3446 3721 3485 com-

2144 3534 2337 3596 putum
2381 3540 2510 3580 vero
2559 3523 2831 3589 Graecum,
2882 3523 2971 3578 vel
3023 3538 3229 3588 teram,
3273 3538 3383 3577 non
3436 3522 3720 3592 periodum

2143 3619 2513 3672 nominamus.
2565 3615 2818 3671 Secunda
2866 3614 3054 3668 tabula
3103 3615 3319 3685 cyclum
3379 3615 3513 3668 solis
3569 3628 3713 3667 com-

2145 3709 2405 3780 plectitur
2440 3724 2564 3764 cum
2615 3709 2824 3778 epactis
2877 3708 3034 3774 solis,
3073 3706 3187 3761 sive
3231 3705 3718 3768 concurrentibus;

2144 3801 2240 3870 qui
2275 3800 2331 3854 in
2370 3807 2603 3869 utroque
2642 3808 2900 3868 computo
2946 3801 3126 3854 locum
3158 3798 3378 3852 habent.
3403 3797 3721 3866 Adjecimus

2143 3899 2200 3947 et
2224 3891 2588 3946 Dominicales
2614 3891 2846 3956 litteras,
2890 3907 3001 3946 non
3029 3907 3150 3961 qua».
3181 3891 3336 3962 cyclo
3373 3890 3537 3944 solari
3569 3889 3718 3943 Gras-

2145 3999 2210 4040 co
2246 3991 2594 4054 congruunt;
2633 3984 2726 4040 sed
2750 4000 2874 4054 quae
2903 3983 3150 4038 Romano
3187 3981 3510 4037 tribuuntur
3535 3982 3715 4051 :quod

2143 4091 2210 4131 eo
2253 4075 2505 4138 fecimus.
2563 4083 2623 4130 ut
2666 4076 2733 4130 ad
2767 4092 2887 4132 eam
2933 4076 3104 4131 veluti
3152 4075 3394 4145 regulam
3438 4088 3572 4127 usus
3606 4088 3719 4126 me—

2143 4167 2296 4222 thodi
2347 4169 2629 4238 sequentis
2681 4169 2950 4238 exigatur.
3002 4167 3136 4221 Nam
3193 4175 3255 4221 ut
3304 4167 3410 4221 diei
3473 4165 3718 4233 cujusvis

2145 4255 2278 4311 feria
2311 4273 2408 4327 per
2435 4267 2850 4322 concurrentes,
2881 4266 2936 4314 et
2962 4259 3240 4329 regulares
3268 4257 3488 4311 inventa
3519 4254 3715 4315 fuerit;

2142 4346 2359 4416 probari
2391 4363 2488 4418 per
2516 4345 2908 4402 Dominicalem
2943 4349 3175 4402 litteram
3211 4346 3448 4408 debebit,
3479 4360 3549 4399 ne
3582 4342 3714 4413 quid

2140 4437 2343 4492 erroris
2373 4439 2698 4508 obrepserit.
2729 4437 2936 4493 Tabula
2971 4441 3129 4494 tertia
3156 4447 3380 4508 epactas
3402 4445 3716 4492 menstruas

464 4540 615 4584 ratur
644 4530 786 4600 apud
810 4530 1028 4585 Graecos
1058 4532 1091 4602 ἡ
1118 4538 1615 4607 μεσοπεντηκοστή,
1639 4555 1760 4609 quae
1783 4548 1868 4595 est
1895 4543 2040 4598 vice-
2069 4559 2114 4614 Β
2143 4528 2297 4593 solis,
2357 4529 2470 4582 sive
2520 4530 2798 4600 regulares
2838 4529 2990 4583 dabit
3021 4529 3076 4583 in
3121 4530 3402 4584 mensibus
3426 4526 3661 4582 Julianis
3695 4545 3711 4580 :

461 4625 636 4678 simus
667 4624 890 4694 quintus
943 4623 1060 4678 dies
1118 4638 1147 4677 a
1200 4623 1489 4693 Paschate,
1542 4645 1606 4685 ac
1649 4647 1865 4701 semper
1903 4633 2035 4690 feria

460 4721 656 4782 quarta
691 4713 975 4782 contingit.
1009 4710 1178 4783 Igitur
1205 4713 1406 4770 additis
1429 4715 1499 4770 24
1524 4716 1600 4770 ad-
1620 4717 1764 4772 diem
1788 4719 2034 4784 Paschae,

463 4800 940 4869 μεσοπεντηκοστή
999 4800 1298 4868 proveniet.
1353 4801 1444 4857 Sic
1493 4819 1638 4858 anno
1689 4806 1782 4861 illo
1832 4807 2036 4863 Christi

460 4889 619 4954 1556,
651 4891 698 4946 si
726 4890 794 4944 ad
821 4905 910 4944 xvr
939 4889 1142 4961 Aprilis
1176 4893 1439 4947 accedant
1461 4894 1578 4949 dies
1615 4895 1707 4961 24,
1732 4897 2036 4956 incidemus

459 4983 516 5038 in
559 5001 592 5038 x
617 4983 763 5045 Maii,
796 4998 915 5053 quae
943 4983 1045 5036 fuit
1067 4987 1565 5057 μεσοπεντηκοστή.
1599 4985 1843 5044 Meminit
1873 4991 2035 5059 hujus

458 5075 584 5131 festi
610 5075 922 5131 Chronicon
945 5073 1390 5138 Alexandrinum,
1411 5083 1472 5130 ut
1501 5077 1568 5130 ad
1592 5076 1884 5147 Nieephori
1908 5080 2035 5136 Bre-

457 5168 690 5222 viarium
719 5165 1162 5231 observavimus;
1195 5181 1298 5221 nec
1325 5183 1434 5222 non
1462 5167 1774 5224 Graecorum
1801 5170 2032 5228 Ilorolo-

459 5259 628 5330 gium.

527 5351 609 5406 Ad
637 5360 938 5407 extremum
982 5365 1090 5406 non
1133 5359 1216 5406 est
1249 5354 1662 5422 praetereundus
1683 5370 1838 5410 error
1860 5355 2032 5411 Maxi-

457 5444 552 5509 mi,
581 5445 673 5515 qui
719 5451 804 5499 est
846 5443 1027 5512 capite
1069 5441 1185 5496 Vill
1216 5443 1405 5512 prima:
1433 5445 1602 5514 partis
1639 5445 1912 5514 Computi.
1954 5446 2031 5502 Ibi

457 5535 601 5588 enim
628 5551 660 5588 a
682 5534 962 5589 Dominica
995 5535 1273 5604 ἀπόκρεῳ,
1309 5551 1429 5604 qua:
1451 5546 1501 5589 et
1529 5537 1892 5607 Παρείσεασις
1925 5539 2030 5591 τῶν

458 5627 626 5693 ἁγίων
656 5627 918 5697 νηστειῶν
951 5629 1174 5694 dicitur,
1207 5646 1380 5700 usque
1431 5630 1497 5684 ad
1544 5629 1733 5700 Πάσχα
1787 5632 2028 5696 νομικόν,

458 5723 571 5775 sive
619 5722 682 5776 ad
730 5737 822 5776 xw
867 5721 1209 5786 Paschalem,
1254 5724 1372 5778 dies
1419 5731 1700 5792 computat
1738 5739 1868 5778 LVII.
1917 5723 2031 5778 lloc

454 5816 618 5870 modo
663 5813 874 5870 Pascha
932 5817 1099 5887 legale
1163 5817 1304 5872 idem
1356 5817 1461 5872 erit
1507 5831 1630 5872 cum
1691 5815 2024 5874 Christiano.

2142 4634 2280 4690 quos
2308 4619 2526 4689 quidem
2560 4619 2839 4690 regulares
2873 4620 2948 4674 ita
2978 4619 3372 4690 disposuimus,
3421 4626 3484 4673 ut
3520 4618 3712 4674 eodem

2142 4711 2298 4765 initio
2337 4714 2555 4780 utrique
2602 4718 2858 4782 computo
2887 4712 3190 4782 proposito,
3237 4713 3492 4766 nimirum
3529 4711 3598 4765 ab
3621 4709 3714 4764 Ja-

2139 4803 2366 4867 nuario;
2421 4804 2656 4857 varietas
2711 4803 2802 4856 illa
2841 4801 3058 4864 vitetur,
3105 4817 3229 4872 quae
3270 4803 3326 4855 in
3377 4800 3621 4865 Maximi,
3660 4807 3716 4855 ct

2139 4893 2310 4948 lsaaci
2342 4893 2595 4948 methodo
2627 4895 2888 4949 cernitur.
2943 4891 3003 4948 In
3038 4901 3286 4964 quartam
3336 4894 3578 4947 tabulam
3617 4907 3713 4962 cy-

2139 4987 2283 5041 clum
2319 4987 2482 5051 lunm,
2524 4999 2650 5049 cum
2679 4987 2884 5056 epactis
2907 4985 3126 5038 Maximi
3169 4993 3225 5040 et
3271 4984 3443 5040 lsaaci
3471 4984 3713 5062 conjeci-

2137 5096 2260 5135 mus
2313 5097 2325 5133 :
2372 5094 2474 5133 nec
2526 5094 2638 5133 non
2683 5077 2977 5133 Paschales
3023 5077 3288 5132 terminos
3335 5085 3390 5131 et
3433 5077 3714 5146 regulares

2135 5171 2374 5235 dierum,
2420 5172 2476 5224 in
2527 5186 2666 5240 quos
2703 5169 2952 5224 incidunt
2989 5169 3228 5222 termini.
3271 5167 3470 5239 Cyclus
3501 5169 3714 5223 lunaris

2135 5264 2346 5334 primus
2385 5263 2438 5316 in
2481 5261 2654 5316 lsaaci
2683 5269 2962 5331 computo,
2995 5261 3110 5316 sive
3151 5260 3711 5330 Constantinopolita-

2134 5371 2228 5421 no,
2257 5361 2486 5426 quartus
2531 5363 2618 5408 est
2649 5353 2786 5422 cycli
2818 5351 3071 5418 Romani,
3117 5366 3279 5420 quem
3315 5350 3564 5404 eumdem
3590 5365 3714 5404 esse

2134 5445 2423 5501 docuimus
2471 5461 2596 5498 cum
2627 5445 2780 5514 cyclo
2810 5443 3029 5496 Maximi
3080 5449 3135 5496 et
3181 5441 3534 5496 Alexandrini
3561 5457 3710 5496 com-

2135 5539 2271 5608 puti.
2307 5537 2516 5592 ldcirco
2543 5537 2903 5592 terminorum
2957 5535 3172 5588 diversa
3219 5535 3390 5588 series
3436 5533 3707 5586 instituta.

2133 5627 2334 5693 Quinta
2389 5629 2571 5682 tabula
2625 5628 2904 5697 regulares
2960 5626 3206 5679 continet
3268 5623 3709 5678 accommodatus

2135 5721 2350 5789 utrique
2397 5727 2686 5787 computo,
2741 5719 2822 5772 sic
2858 5727 2915 5770 ut
2952 5717 3091 5772 idem
3127 5715 3194 5770 ad
3225 5716 3439 5769 initium
3467 5713 3706 5768 Januarii

2133 5813 2406 5868 facilitatis
2435 5826 2601 5886 causa
2630 5810 2955 5866 referantur.
2991 5810 3156 5864 Sexta
3199 5809 3433 5877 denique
3457 5805 3704 5876 periodos
