4070 6406
467 325 489 381 1
500 327 603 383 M7

574 445 778 502 Tabula
821 443 858 498 V
885 443 1210 514 regularium
1243 441 1382 494 lanae
1407 441 1463 492 in
1493 448 1712 498 utroque
1757 434 1930 504 θείοιο.

1077 554 1376 624 Regularcs
1665 550 1971 624 Regularcs

1100 622 1339 679 maximi.
1707 622 1899 674 Isaaci.

471 737 764 792 Ianuarius
1172 736 1238 788 10
1810 732 1845 785 0

471 809 798 863 Februarius
1172 807 1232 858 11
1814 807 1836 853 1

471 881 702 934 Martius
1172 877 1240 928 10
1809 871 1843 924 0

472 992 672 1062 .Aruﬁﬁs
1223 992 1259 1062 0
1809 987 1835 1062 3

475 1057 647 1117 Maius
1227 1060 1253 1112 1
1807 1057 1844 1110 2

473 1134 665 1188 Junius
1223 1129 1258 1182 2
1809 1126 1844 1180 3

473 1248 650 1302 Julius
1218 1242 1253 1296 3
1805 1238 1843 1293 4

475 1322 750 1386 Augustus
1218 1313 1253 1386 ᾧ

479 1379 796 1458 September
1218 1381 1252 1437 ϐ
1809 1379 1844 1434 7

477 1500 712 1553 October
1220 1494 1256 1549 6
1805 1491 1840 1546 7

478 1569 778 1622 November
1222 1565 1258 1620 8
1806 1561 1842 1619 9

480 1641 778 1694 December
1221 1635 1258 1692 8
1770 1634 1840 1692 10

717 1966 1031 2025 CANONES
1063 1963 1463 2032 UTRIUSQUE
1500 1963 1828 2022 COMPUTI.

481 2082 660 2138 Canos
718 2081 755 2134 1.
831 2079 1109 2145 Proposito
1180 2076 1410 2146 quolibet
1479 2092 1617 2130 anno
1682 2073 2059 2128 Alexandrinae

554 2169 674 2206 mra:
699 2192 711 2214 ,
746 2151 823 2204 vel
854 2147 1458 2216 Constantinopolitanw
1480 2188 1495 2214 ,
1544 2146 1717 2216 cyclos
1768 2146 1882 2214 ejus
1937 2163 2060 2215 pro-

551 2225 692 2287 prios
729 2237 1053 2291 cognoscere.

555 2337 841 2403 Quaeratur
894 2333 1137 2402 proxime
1189 2330 1369 2384 minor
1421 2345 1490 2384 ex
1538 2329 1724 2384 tabula
1775 2329 1952 2398 prima
2004 2329 2060 2382 in

485 2427 815 2486 centenariis
877 2436 932 2478 et
991 2422 1360 2486 millenariis,
1435 2422 1624 2492 eisque
1689 2429 2063 2492 competentes

485 2523 625 2594 cycli
665 2519 994 2574 adnotentur
1026 2517 1180 2578 solis,
1210 2515 1353 2568 luna:
1383 2521 1438 2566 et
1469 2514 1822 2579 indictiouis;
1865 2512 2060 2583 reliqui

485 2614 682 2671 deinde
725 2629 791 2667 ex
841 2609 1137 2665 decadibus
1185 2608 1562 2677 suppleantur.
1597 2605 1736 2660 Tum
1778 2608 1917 2677 cycli
1951 2607 2066 2660 sin-

485 2706 596 2778 guli
624 2706 680 2758 in
710 2718 811 2759 suo
841 2702 1047 2771 quique
1081 2714 1282 2770 genere
1319 2698 1668 2768 colligantur.
1711 2695 1922 2761 Quibus
1969 2696 2066 2750 ad-

487 2805 690 2853 dantur
717 2802 1097 2857 excurrentcs,
1126 2791 1172 2846 si
1198 2790 1290 2860 qui
1329 2790 1631 2858 supersint,
1657 2790 1802 2843 ultra
1827 2787 2064 2844 decadas

489 2888 722 2944 numeri.
755 2888 834 2941 lta
865 2886 994 2939 fient
1027 2883 1166 2956 cycli
1200 2882 1406 2952 proprii
1434 2880 1565 2934 anni
1598 2879 1779 2944 illius,
1811 2879 1903 2948 qui
1930 2895 2062 2948 pro-

488 2981 741 3052 ponitur,
788 2976 1052 3033 detractis
1094 2974 1164 3030 de
1197 2987 1449 3039 summa,
1487 2971 1668 3042 quoad
1695 2979 1890 3042 potes,
1929 2971 2070 3025 inte—-

495 3073 610 3144 gris
643 3069 839 3142 cyclis.

565 3162 874 3231 Exemplum
897 3179 910 3214 :
931 3169 1046 3215 esto
1062 3172 1238 3212 annus
1256 3157 1324 3211 ab
1340 3154 1546 3210 Adamo
1571 3154 1810 3224 computi
1835 3153 2040 3208 Alexan
2056 3183 2071 3193 -

1451 318 1541 370 AD
1581 311 1848 370 EUSEBII
1878 305 2276 368 (31111οΝ10οΝ
2329 294 2696 361 APPENDIX.

2067 442 2111 492 ΑΛ

3594 291 3742 348 1438

2307 426 2525 480 Tabeua
2560 423 2630 478 Vl
2661 418 2997 492 periodorum
3050 414 3561 471 Vielorinianarum.

2506 563 2779 616 Numerus
3203 557 3342 610 Anni

2461 633 2828 704 periodorum.
3183 624 3399 682 collecti

2624 743 2652 795 1
3214 736 3319 792 552

2621 812 2658 865 2
3180 808 3319 861 1061

2623 883 2658 937 5
3181 877 3319 932 1596

2618 975 2653 1027 4-
3179 970 3320 1023 2128

2619 1045 2656 1100 5
3179 1041 3322 1093 2660

2620 1115 2657 1172 6
3182 1110 3322 1163 5192

2625 1207 2662 1262 7
3182 1202 3324 1256 5721

2623 1278 2658 1334 8
3182 1273 3324 1326 4256

2621 1349 2657 1406 9
3183 1345 3326 1397 4788

2588 1443 2655 1498 10
3142 1481 3144 1484 .
3182 1438 3323 1490 5520

2586 1514 2647 1567 ll
3186 1507 3324 1560 5552

2586 1585 2654 1638 12
3185 1579 3324 1631 6581

2590 1675 2660 1728 15
3181 1667 3322 1722 6916

2591 1745 2613 1797 1
2626 1745 2659 1797 4
3186 1739 3322 1792 7118

2590 1815 2659 1869 15
3185 1809 3324 1863 7980

2159 1954 2285 2025 ἐγω
2323 1961 2650 2025 Caristianaé
2692 1971 2927 2040 primum
2963 1969 3015 2021 in
3053 1958 3419 2019 Alexandrina
3468 1957 3750 2014 numerari

2166 2064 2343 2127 5495;
2378 2064 2430 2117 in
2459 2064 3064 2133 ConstantinOpolitana
3088 2057 3258 2124 5509;
3294 2055 3514 2110 tertium
3537 2095 3552 2115 ,
3595 2047 3748 2107 Con-

2165 2155 2713 2225 stantinopolitauam
2767 2170 2931 2208 seram
2993 2165 3253 2221 superare
3304 2149 3531 2212 alteram
3587 2145 3750 2198 annis

2162 2261 2277 2300 xw.
2329 2245 2516 2316 itaque
2543 2247 2587 2301 si
2616 2246 2683 2299 ad
2715 2261 2920 2300 annum
2953 2257 3338 2314 quemcunque
3372 2256 3493 2296 atrae
3521 2239 3768 2294 Alexan-'

2163 2336 2355 2400 drinae,
2381 2338 2610 2408 ejusque
2636 2339 2820 2408 cyclos
2853 2353 2949 2407 per
2985 2353 3000 2390 ι
3049 2351 3314 2390 canonem
3343 2335 3626 2396 collectos,
3651 2331 3754 2385 ad~

2164 2428 2264 2482 das
2295 2427 2363 2480 16
2384 2468 2398 2492 ,
2430 2427 2630 2482 efﬁcies
2667 2443 2863 2491 annos,
2911 2427 3205 2498 cyclosque
3235 2423 3751 2492 Constantinopoli-

2165 2525 2342 2584 tana2;
2375 2517 2625 2572 deductis
2650 2519 2877 2588 integris
2904 2519 3114 2589 cyclis;
3154 2525 3267 2584 aut,
3296 2518 3339 2571 si
3369 2518 3632 2587 praecisus
3675 2515 3754 2570 sit

2166 2610 2433 2676 calculus,
2466 2611 2596 2665 totis
2629 2611 2764 2680 ipsis
2799 2611 3100 2680 assumptis
3124 2651 3139 2673 ,
3204 2619 3464 2680 tanquam
3503 2609 3631 2662 anni
3682 2608 3751 2661 il—

2167 2702 2274 2755 lius
2304 2701 2561 2771 propriis.
2595 2699 2674 2753 Ex
2709 2701 2886 2769 primo
2934 2701 3208 2770 sequitur,
3243 2710 3300 2753 ut
3332 2715 3508 2754 annos
3541 2700 3752 2770 primos

2169 2793 2455 2847 amborum
2487 2802 2872 2863 computorum
2926 2794 2984 2848 in
3035 2793 3250 2848 Juliana
3287 2793 3511 2862 periodo
3558 2793 3754 2861 depre-

2170 2884 2401 2951 hendas,
2433 2894 2692 2956 oportere
2715 2885 2782 2940 ad
2814 2884 3100 2956 periodum
3133 2895 3446 2941 currentem
3483 2886 3751 2955 integram

2170 2977 2331 3030 aliam
2358 2975 2774 3030 accommodare
2803 2990 3072 3029 annorum
3114 2973 3270 3027 7980.
3317 2976 3510 3027 Annus
3545 2969 3753 3040 periodi

2169 3063 2401 3120 Julianze
2433 3065 2574 3119 4714
2603 3074 2688 3121 est
2739 3083 2920 3121 annus
2957 3083 2970 3120 ι
3005 3082 3128 3121 serae
3156 3061 3517 3134 Christianae;
3552 3066 3753 3134 adjun-

2173 3163 2261 3210 cta
2293 3157 2502 3227 integra
2532 3159 2758 3228 periodo
2786 3159 3120 3229 colliguntur
3146 3160 3276 3213 anni
3311 3159 3503 3214 12694.

491 3255 638 3310 drini
691 3254 870 3318 7054,
918 3247 1513 3318 Constantinopolitani
1564 3261 1698 3302 vero
1755 3245 1914 3300 7050.
1953 3242 2143 3314 Hocc
2242 3248 2340 3305 His
2385 3249 2814 3315 animadversis,
2863 3252 2910 3306 si
2959 3267 3137 3306 annus
3166 3249 3386 3307 Graecus
3437 3251 3759 3322 propositus

494 3348 657 3404 modo
678 3348 905 3419 colliges
937 3346 1125 3418 cyclos
1157 3343 1468 3412 utriusque.

1043 3453 1107 3546 In
1142 3451 1526 3509 Alexandrino.

1202 3546 1354 3617 Cycli

1077 3639 1220 3695 Solis
1261 3640 1426 3693 Luna:
1462 3633 1659 3690 lndict-a

835 3731 966 3785 7000
1115 3729 1184 3784 21
1327 3727 1361 3782 8
1530 3727 1599 3779 10

873 3801 940 3853 50
1152 3799 1189 3852 2
1297 3799 1360 3850 11
1532 3796 1602 3850 15

874 3870 909 3924 4
1157 3869 1194 3922 4
1332 3867 1368 3920 4
1540 3866 1576 3919 4

783 3943 1008 3996 Summa
1154 3938 1189 3993 6
1331 3936 1368 3992 4
1540 3935 1610 3990 14

925 4050 990 4104 In
1039 4048 1648 4120 Constantinopolitano.

1198 4140 1361 4212 [Cych

1085 4232 1230 4289 Solis
1267 4231 1434 4288 Luna}
1469 4231 1662 4290 lndict.

837 4325 976 4394 7000
1115 4323 1188 4378 28
1329 4323 1364 4378 8
1535 4324 1605 4379 10

909 4393 978 4450 50
1118 4395 1190 4448 aa
1297 4394 1366 4448 12
1573 4394 1623 4462 5;

791 4465 1018 4522 Summa
1111 4464 1194 4520 22
1336 4464 1363 4518 1
1537 4465 1608 4520 15

572 4581 728 4636 Anno
761 4593 890 4650 ergo
916 4578 1297 4634 Alexandrina:
1343 4593 1466 4634 aurae
1489 4578 1653 4648 17054
1717 4573 1911 4652 cyclus
1957 4577 2079 4634 erat

503 4674 636 4730 soTis
667 4690 743 4739 v1,
777 4673 919 4726 lurise
982 4687 1056 4737 Iv,
1111 4670 1336 4724 iudictio
1383 4686 1514 4734 xw,
1573 4670 2081 4740 Constantinopoli-

503 4775 666 4818 tanus
700 4773 826 4818 vero
847 4763 986 4816 7050
1019 4761 1209 4815 habuit
1255 4762 1387 4816 solis
1418 4761 1632 4833 cyclum
1678 4779 1814 4827 χιιι,
1859 4763 2001 4816 luna:
2038 4778 2080 4828 ι,

504 4857 860 4911 indictionem
895 4871 984 4908 xv.

501 4963 684 5018 CANON
717 4963 783 5020 ll.
828 4953 986 5040 Edita
1024 4965 1253 5040 quolibet
1303 4984 1450 5040 anno
1493 4970 1765 5040 atriusque
1811 4972 2080 5040 computi,

575 5052 726 5089 nosse
745 5051 896 5108 quem
917 5037 1085 5108 situm
1116 5036 1302 5090 habeat
1333 5039 1390 5090 in
1417 5037 1642 5092 Iuliana
1680 5036 1948 5108 'periodo',
2003 5041 2080 5095 vel

576 5121 685 5159 (vra

578 5176 796 5245 affectus
828 5176 920 5230 sit.

576 5287 705 5342 Tria
737 5287 1006 5358 imprimis
1047 5289 1389 5345 observanda
1429 5300 1557 5347 sunt
1592 5311 1605 5346 :
1640 5291 1878 5362 primum
1916 5305 2084 5347 seram

506 5384 795 5447 utramque
823 5379 1137 5434 Graecorum
1170 5381 1238 5434 ab
1267 5381 1474 5436 Adamo
1502 5383 1569 5437 ad
1597 5397 1800 5436 annum
1838 5383 2081 5452 primum

507 5484 629 5523 serae.
649 5469 971 5524 Christianae
994 5509 1010 5534 ,
1065 5471 1329 5527 excedere
1357 5487 1624 5526 summam
1657 5487 1927 5527 annorum
1983 5479 2080 5542 pe—

509 5560 651 5614 riodi
695 5559 958 5624 Julianze,
1011 5564 1104 5633 qui
1155 5565 1221 5617 ad
1272 5579 1435 5620 atram
1486 5564 1732 5618 eamdem
1791 5571 2075 5633 putantur.

511 5651 878 5706 Alexandrina
909 5668 1015 5707 aera
1043 5655 1324 5724 periodum
1345 5654 1619 5710 Julianam
1647 5653 1949 5734 superabat
1974 5668 2078 5706 an-

512 5744 598 5799 nis
627 5743 748 5809 779,
781 5745 1382 5817 Constantinopolitana
1422 5746 1557 5814 795;
1588 5747 1842 5812 alterum,
1871 5760 2076 5799 annum

773 5105 926 5179 [tristi
963 5105 1235 5174 Romana,
1291 5116 1342 5162 et
1389 5109 1576 5178 quibus
1624 5105 1786 5179 Cyclis
1825 5109 2083 5166 Romanis

2171 3341 2347 3411 major
2375 3342 2447 3396 sit
2475 3341 2575 3397 779
2609 3342 2664 3396 in
2702 3356 2814 3396 aera
2845 3343 3249 3406 Alexandrina,
3283 3343 3543 3398 detractis
3575 3342 3646 3396 de
3685 3358 3752 3396 eo

2170 3425 2297 3496 779,
2331 3430 2480 3502 quod
2526 3432 2797 3502 reliquum
2845 3442 2929 3487 est
2973 3432 3126 3487 dabit
3176 3448 3381 3487 annum
3421 3433 3630 3504 periodi
3661 3431 3751 3487 Ju-

2171 3523 2350 3586 lianae,
2379 3523 2468 3578 cui
2498 3524 2814 3593 respondet.
2843 3521 2902 3577 ln
2928 3522 3542 3594 Constantinopolitana
3585 3539 3713 3579 vero
3734 3563 3752 3588 ,

2172 3614 2423 3685 prodibit
2460 3614 2724 3670 detractis
2763 3615 2899 3682 795;
2953 3616 3175 3671 residuo
3205 3617 3390 3686 itaque
3418 3631 3516 3687 per
3543 3617 3634 3681 28,
3666 3617 3751 3676 19.

2173 3716 2227 3763 et
2251 3708 2319 3762 l5
2345 3709 2574 3772 tributo,
2599 3708 2879 3765 Romanos
2906 3711 3089 3780 cyclos
3119 3712 3415 3765 obtinebis.
3445 3711 3542 3766 Sin
3577 3713 3756 3766 minor

2173 3807 2260 3853 est
2283 3812 2461 3854 annus
2486 3799 2802 3870 propositus
2843 3784 3011 3868 quam
3045 3799 3146 3854 779
3167 3841 3182 3864 ,
3237 3808 3334 3856 aut
3365 3791 3469 3856 795
3497 3819 3512 3866 ;
3580 3803 3760 3871 adjice’

2176 3889 2245 3942 ad
2271 3905 2472 3945 annum
2501 3890 2927 3946 Alexandrinum
2959 3890 3090 3944 7201
3115 3933 3130 3957 ,
3169 3893 3235 3946 ad
3262 3893 3742 3964 Constantinopoli-

2175 3988 2390 4046 tanum,
2422 3982 2560 4038 7185
2590 4001 2604 4037 :
2638 3983 2866 4038 exsistet
2895 3996 3076 4038 annus
3105 3985 3314 4053 periodi
3354 3984 3583 4040 Julianae
3632 4001 3756 4056 pro-

2178 4071 2390 4142 lepticae
2433 4081 2485 4127 et
2523 4075 2929 4145 antecedentis;
2962 4092 3070 4148 quo
3097 4092 3194 4148 per
3214 4079 3398 4150 cyclos
3421 4087 3532 4133 tres
3555 4077 3754 4142 diviso,

2178 4165 2324 4235 quod
2357 4166 2507 4232 voles
2547 4169 2878 4237 assequeris.

2250 4257 2467 4312 Annum
2494 4275 2656 4328 porro
2687 4260 2896 4315 Christi
2929 4261 3203 4317 labentem
3232 4259 3430 4316 ellicies
3467 4261 3522 4314 in
3550 4261 3758 4315 utravis

2180 4362 2323 4413 aera,
2364 4349 2411 4403 si
2445 4349 2513 4404 de
2540 4351 2905 4406 Alexandrina
2932 4353 3210 4410 subducas
3259 4353 3433 4422 5492;
3485 4354 3552 4409 de
3613 4353 3758 4408 Con-

2183 4440 2690 4509 stantinOpolitana,
2720 4443 2903 4498 5508.’

2252 4529 2570 4600 Exemplum
2620 4551 2632 4586 :
2673 4549 2848 4590 annus
2880 4536 3260 4591 Alexandrina:
3296 4551 3417 4590 terte
3442 4535 3602 4598 7034,
3629 4535 3759 4589 sub-

2109 4617 2158 4677 D
2185 4622 2364 4678 ductis
2401 4623 2531 4687 779,
2561 4635 2647 4679 est
2686 4626 2865 4692 6255;
2900 4629 3149 4684 deductis
3172 4638 3351 4682 autem
3386 4627 3524 4682 5192
3552 4636 3637 4682 est
3661 4643 3760 4681 an-

2185 4728 2290 4768 nus
2317 4713 2520 4770 Christi
2552 4717 2793 4787 vulgaris
2822 4720 2979 4776 1542.
3018 4719 3109 4773 Sic
3149 4734 3326 4773 annus
3362 4717 3746 4772 Constantino-

2183 4806 2459 4875 politanus
2487 4806 2648 4872 7050,
2678 4809 2873 4864 ablatis
2906 4809 3007 4864 795
3032 4852 3048 4873 ,
3102 4809 3365 4879 relinquit
3409 4809 3578 4875 6255;
3629 4809 3760 4862 sub-

2182 4897 2374 4950 tractis
2401 4897 2540 4950 5508
2566 4939 2579 4961 ,
2619 4898 2860 4967 reliquos
2911 4899 3042 4953 facit
3096 4900 3234 4954 1512
3274 4900 3517 4956 Christi:
3561 4902 3759 4970 quibus

2185 4996 2558 5057 competentes
2597 4993 2783 5060 cyclos
2813 5007 2996 5055 crues,
3027 4993 3072 5046 si
3102 5008 3278 5049 annos
3302 4993 3531 5048 Juliana:
3554 4995 3761 5064 periodi

2184 5079 2434 5135 conferas
2459 5081 2515 5134 iu
2537 5081 2774 5136 tabulam
2805 5081 2844 5146 1,
2872 5083 3135 5137 nimirum
3172 5084 3277 5138 hoc
3307 5085 3492 5141 modo.

2773 5193 2916 5250 Solis
2955 5193 3123 5250 Lunaa
3157 5194 3354 5252 lndict.

2507 5279 2646 5339 6000
2827 5287 2860 5340 8
2969 5286 3038 5338 15
3211 5287 3281 5341 15

2543 5356 2649 5409 200
2823 5355 2858 5409 4
2967 5358 3037 5408 10
3245 5358 3281 5412 5

2579 5426 2649 5479 50
2791 5424 2862 5478 22
2972 5426 3039 5479 12
3246 5428 3282 5482 5

2619 5495 2652 5549 5
2833 5496 2867 5549 5
3007 5497 3041 5550 5
3246 5497 3280 5551 5

2472 5563 2695 5619 Summa
2811 5565 2867 5618 11
3014 5567 3051 5620 4
3217 5567 3288 5621 15

2257 5645 2422 5726 igitur
2475 5666 2616 5710 anno
2674 5657 2895 5726 utrique
2937 5655 3126 5713 Graeco
3156 5664 3451 5719 resnondet
3482 5660 3755 5718 Romanus

2186 5748 2372 5817 cyclos
2393 5764 2448 5803 ιι
2478 5750 2618 5804 lunae
2644 5765 2716 5814 ιν,
2755 5747 2947 5804 indict.
2988 5767 3079 5807 xv.
