4070 6406
320 286 458 343 1449

1267 280 1719 338 DISSERTA'I'IO
1759 277 1846 333 DE
1885 275 2295 335 GRECORUM
2337 279 2542 337 ERIS.

3415 286 3437 339 I
3451 284 3554 342 450

392 401 634 466 Rursus,
681 399 821 455 scire
846 399 970 455 volo
993 409 1197 470 quotus
1239 400 1405 453 trium
1458 395 1879 470 eyclorun’Ro-
1910 401 1955 456 Α
1983 409 2120 464 opus
2177 405 2291 459 est.
2330 398 2540 469 integro
2573 413 2802 455 numero
2849 400 2951 466 I5;
2997 397 3281 470 'reliquum
3326 400 3433 456 duc
3494 404 3551 457 in

320 507 608 546 manorum
656 502 920 561 congruat
965 493 1124 547 annis
1181 492 1373 560 primis
1415 505 1539 544 acra:
1577 489 1882 558 utriusque.

321 585 488 638 Aufer
521 599 692 638 annos
726 583 865 638 5495
922 583 989 637 de
1050 583 1222 637 12694
1253 621 1269 646 ,
1322 583 1660 652 relinquetur
1711 597 1886 636 annus

323 676 480 730 7201.
513 675 680 746 Igitur
733 691 908 730 annus
955 674 1164 744 primus
1209 690 1330 729 aera:
1374 673 1754 728 Alexandrinae
1803 683 1888 728 est

322 767 550 822 Julianae
583 769 790 838 periodi
825 767 998 832 7202,
1053 768 1142 821 cui
1189 783 1286 836 per
1337 781 1604 821 canonem
1653 767 1888 836 primum

325 862 550 915 debetur
576 860 761 928 cyclus
785 861 916 914 solis
945 876 1018 925 Vl,
1053 859 1194 912 luna
1233 873 1272 921 I,
1312 858 1538 912 indictio
1571 875 1631 911 Il.
1665 857 1793 913 Item
1823 857 1890 911 de

324 953 498 1008 12694
529 952 780 1008 deductis
809 952 978 1018 5509,
1019 961 1230 1008 restant
1281 952 1436 1007 7185.
1494 950 1664 1022 Igitur
1711 965 1888 1006 annus

324 1045 548 1117 periodi,
567 1043 791 1100 Julianre
821 1045 954 1100 7186
988 1056 1071 1102 est
1122 1047 1331 1116 primus
1359 1060 1482 1100 ara:
1509 1043 1892 1099 Constantino-

325 1138 596 1208 politanae.
643 1136 774 1203 Qua:
820 1139 1048 1208 proinde
1079 1142 1241 1209 cmpit
1270 1139 1518 1195 Romano
1547 1138 1701 1209 cyclo
1754 1137 1888 1192 solis

325 1245 478 1291 xvm,
508 1229 649 1284 luna:
681 1245 754 1293 IV,
782 1230 1092 1286 indictionis
1123 1247 1154 1287 ι.

395 1322 474 1377 Ex
518 1323 600 1378 bis
645 1323 1026 1393 compendium
1060 1325 1289 1380 canonis
1347 1325 1523 1379 oritur
1579 1321 1885 1392 ejusmodi:

327 1415 546 1470 invento
567 1416 718 1486 cyclo
747 1417 880 1471 solis
917 1432 1037 1472 aera:
1069 1415 1448 1472 Alexandrinae
1477 1415 1616 1470 adde
1654 1415 1708 1480 5,
1735 1415 1889 1486 cyclo

328 1507 471 1560 lunae
499 1507 556 1573 0,
585 1506 869 1561 indictioni
904 1507 930 1560 I
959 1527 973 1562 :
997 1507 1267 1563 obtinebis
1292 1505 1568 1562 Romanos
1591 1507 1736 1562 illius
1763 1506 1889 1560 anni

328 1598 553 1667 cyclos;
587 1597 1199 1668 Constantinopolitanae
1229 1613 1358 1654 vero
1391 1599 1559 1669 cyclis
1593 1599 1751 1664 adde,
1795 1614 1889 1652 so-

331 1690 430 1744 lari
454 1690 522 1743 17
543 1731 559 1753 ,
593 1691 771 1744 lunari
801 1691 853 1757 5,
888 1691 1172 1745 indictioni
1206 1694 1240 1744 0
1261 1731 1274 1754 ,
1317 1700 1378 1745 ut
1404 1691 1518 1746 haec
1559 1692 1755 1746 tabella
1788 1691 1888 1745 do-

1987 487 2145 551 1064,
2173 494 2226 542 et
2253 487 2325 540 ad
2365 505 2633 544 summam
2671 489 2847 558 adjice
2882 489 3026 558 quod
3062 489 3331 560 superfuit
3359 489 3426 545 de
3455 507 3554 546 no-

1986 579 2210 635 vissima
2237 580 2504 636 divisione
2547 597 2642 651 per
2665 582 2788 636 552.
2823 581 2981 648 Quod
3032 583 3080 637 si
3116 598 3331 639 summa
3377 584 3553 653 major

1989 681 2070 726 est
2101 688 2263 742 quam
2298 673 2456 737 7980,
2496 673 2640 728 hunc
2683 675 2861 744 ipsum
2894 691 3180 731 numerum
3222 691 3286 730 ex
3321 675 3411 729 illa
3461 677 3557 730 dc-

1988 767 2162 822 trahe.
2196 766 2274 820 Ita
2305 767 2395 822 fiet
2428 783 2604 822 annus
2634 768 2758 831 ille,
2794 769 2887 838 qui
2923 769 3239 840 requiritur,
3268 784 3333 822 ex
3367 783 3476 837 quo
3498 769 3556 822 in

1987 855 2201 912 Iuliana
2223 859 2448 928 periodo
2478 861 2757 931 proprium
2796 875 2998 914 annum
3044 861 3191 915 illius
3220 860 3550 930 assequeris.

1995 994 2036 1032 μ’
2059 947 2374 1018 Exemplum
2414 966 2430 1005 :
2478 949 2786 1006 Chronicon
2815 950 3236 1006 Alexandrinum
3270 950 3556 1022 migratio-

1991 1055 2112 1094 nem
2153 1039 2525 1097 lsraelitarum
2580 1058 2646 1098 ex
2683 1041 2918 1115 JEgypto
2955 1044 3145 1098 statuit
3172 1058 3237 1098 eo
3261 1059 3422 1108 anno,
3460 1043 3556 1112 qui

1990 1131 2200 1202 cyclum
2231 1131 2418 1186 habuit
2445 1133 2576 1188 solis
2608 1133 2663 1196 2,
2702 1133 2843 1188 luna:
2869 1133 2954 1199 19,
2981 1149 3104 1188 cum
3135 1134 3431 1189 indictione
3465 1133 3554 1186 I5.

1991 1224 2185 1288 Quaero
2217 1234 2418 1293 quotus
2456 1223 2546 1280 ille
2573 1225 2811 1295 computi
2849 1223 3018 1279 Graeci
3049 1224 3231 1290 fuerit,
3257 1232 3312 1279 et
3337 1223 3556 1298 quidem

1989 1315 2608 1385 Constantiuopolitani;
2640 1317 2784 1371 hunc
2801 1316 2945 1371 enim
2976 1316 3076 1371 iste
3099 1324 3288 1370 auctor
3311 1315 3552 1370 adhibet.

1990 1405 2230 1462 Primum
2259 1407 2419 1462 editis
2465 1409 2633 1480 cyclis
2671 1410 2802 1465 solis
2847 1424 2912 1463 ac
2957 1409 3115 1477 lunae,
3157 1409 3438 1463 ducendus
3472 1416 3562 1464 est

1992 1497 2178 1567 cyclus
2209 1498 2341 1552 solis
2375 1497 2409 1551 2
2443 1499 2501 1552 in
2532 1499 2620 1562 57,
2661 1498 2796 1553 fiunt
2838 1498 2959 1552 114.
3004 1497 3141 1552 Tum
3171 1500 3381 1568 cyclum
3417 1499 3556 1552 lunae

1994 1589 2060 1641 I9
2091 1587 2157 1641 de
2189 1587 2400 1657 integro
2426 1589 2580 1659 cyclo
2599 1589 2840 1658 ejusdem
2874 1588 3014 1644 luna:
3045 1590 3392 1656 subtrahens,
3419 1592 3558 1647 resi-

1993 1679 2158 1731 duum
2196 1678 2369 1733 habeo
2399 1679 2464 1733 I9
2489 1698 2503 1732 :
2537 1695 2698 1749 quem
2729 1694 3010 1735 numerum
3038 1695 3131 1750 per
3147 1681 3215 1735 56
3233 1681 3554 1751 multiplico.

329 1794 435 1838 cet.
463 1781 628 1838 Verbi
657 1784 832 1854 gratia
861 1798 1036 1840 annus
1063 1784 1460 1840 Alexandrinus
1486 1785 1622 1840 7054
1649 1800 1745 1854 per
1778 1783 1886 1854 pri-

1998 1766 2242 1821 Conﬁunt
2283 1768 2454 1834 1064,
2493 1783 2655 1838 quam
2684 1783 2951 1823 summam
2981 1769 3050 1822 ad
3092 1770 3328 1839 priorem
3357 1771 3556 1841 adjicio

330 1891 478 1930 mum
516 1890 780 1930 canonem

1404 1971 1535 2026 solis
1670 1971 1702 2023 5

961 2041 1331 2095 Alexandrino
1404 2043 1544 2093 lunas
1665 2045 1698 2091 0

531 2142 685 2200 Adde
731 2145 887 2215 cyclo
1402 2112 1593 2215 illam"
1639 2114 1694 2215 ,ξ

1404 2203 1536 2257 solis
1632 2202 1700 2253 17

932 2273 1274 2330 Constantin.
1410 2275 1549 2326 lunae
1667 2273 1700 2324 5

1401 2343 1592 2397 indict.
1668 2344 1702 2396 0

329 2459 542 2531 cyclum
567 2459 698 2516 solis
731 2459 938 2515 obtinet
967 2459 1038 2526 6;
1072 2459 1209 2515 adde
1240 2459 1292 2526 5,
1333 2457 1530 2514 eﬂicies
1562 2457 1646 2511 II.
1699 2455 1896 2527 Cyclus

329 2547 473 2602 luna;
502 2548 558 2612 4,
583 2548 783 2604 additis
811 2547 845 2602 0
870 2555 954 2604 est
977 2549 1012 2602 4
1034 2566 1049 2615 ;
1079 2549 1304 2603 indictio
1329 2548 1415 2612 14,
1437 2547 1622 2602 addito
1645 2547 1669 2600 I
1699 2554 1784 2601 est
1808 2547 1893 2602 I5.

332 2637 424 2692 Sic
450 2640 576 2693 anni
609 2639 1191 2712 Constantinoliolitani
1229 2642 1416 2712 cyclus
1449 2641 1582 2695 solis
1603 2640 1674 2693 22
1701 2647 1896 2695 auctus

330 2735 399 2788 I7
423 2736 620 2790 transit
652 2737 707 2790 in
737 2736 1055 2792 "Romanum
1084 2741 1138 2793 11
1163 2756 1178 2805 ;
1209 2737 1439 2802 lunaris,
1471 2735 1670 2792 additis
1693 2737 1744 2802 5,
1767 2751 1834 2791 ex
1868 2736 1888 2788 I

330 2827 472 2893 1114;
497 2827 719 2882 indictio
743 2827 932 2884 eadem
967 2841 1050 2887 est
1080 2831 1168 2886 I5.

403 2918 671 2974 Caeterum
711 2935 884 2977 annos
907 2922 1031 2977 illos
1058 2906 1248 2979 omnes
1267 2922 1579 2979 Graecorum
1609 2929 1896 2992 computo-

331 3025 501 3064 ruma
524 3010 778 3067 Kalendis
807 3012 1079 3070 Ianuariis
1107 3015 1454 3083 auspicamur
1479 3032 1493 3081 ;
1523 3015 1736 3070 tametsi
1760 3015 1896 3068 civi-

334 3101 404 3155 lis
433 3116 630 3166 annus,
653 3109 708 3156 et
745 3101 971 3158 indictio
999 3103 1067 3158 ab
1090 3104 1444 3160 antecedente
1475 3104 1782 3176 Septembri
1813 3105 1897 3158 in-
1925 3108 1967 3166 C

334 3193 575 3264 cipiant:
607 3193 753 3265 quod
807 3196 855 3251 si
899 3196 1022 3266 quis
1059 3197 1255 3252 imitari
1299 3198 1568 3264 voluerit,
1622 3197 1899 3253 Romanos

333 3289 518 3358 cyclos
540 3289 746 3344 unitate
773 3288 979 3342 minuet
1022 3287 1078 3341 in
1107 3303 1375 3343 annorum
1414 3291 1754 3361 singulorum
1803 3306 1899 3345 ex-

333 3379 512 3434 ordio.
543 3379 796 3450 Idemque
822 3378 984 3434 faciet
1015 3379 1072 3434 in
1095 3380 1298 3436 Graecis
1321 3381 1485 3451 ipsis,
1521 3384 1600 3436 uti
1626 3381 1790 3446 feriae,
1815 3382 1901 3436 vel

335 3472 481 3526 lunae
506 3480 872 3541 consequatur
904 3479 1117 3528 natalem
1167 3473 1223 3526 in
1262 3474 1452 3542 primis
1493 3475 1545 3529 iv
1583 3473 1898 3538 mensibus,

335 3578 401 3617 ex
431 3563 685 3618 methodo
712 3564 1052 3648 sequentium
1081 3579 1369 3620 canonum.

335 3677 517 3733 (ἔλυσα
547 3677 634 3732 III.
668 3676 822 3732 Datis
869 3679 1029 3748 cyclis
1068 3680 1194 3733 solis
1233 3696 1295 3733 ac
1325 3680 1464 3733 Iunce
1496 3681 1550 3733 in
1600 3680 1898 3734 Graecorum

405 3750 662 3818 computis
689 3788 702 3811 ,
758 3750 984 3802 invenire
1015 3760 1202 3818 quotus
1243 3751 1311 3804 sit
1349 3767 1518 3804 annus
1571 3752 1771 3818 periodi
1816 3752 1902 3804 Vi-

405 3821 744 3883 ctorinianee;
783 3836 978 3872 necnon
1008 3820 1074 3872 ab
1117 3819 1344 3874 Adamo.
1388 3819 1521 3874 Item
1551 3823 1678 3874 data
1714 3832 1903 3888 praeter

406 3890 527 3943 illos
545 3890 720 3959 cyclos
738 3889 1040 3959 indictione,
1061 3907 1254 3944 annum
1279 3901 1388 3944 tam
1419 3907 1538 3944 (Bne
1562 3890 1900 3955 Grrecanicw,

406 3957 792 4032 quam'periodi
817 3957 1071 4023 Julianus,
1097 3961 1150 4014 in
1181 3977 1330 4028 quem
1358 3971 1461 4015 tres
1489 3962 1571 4015 illi
1601 3963 1734 4032 cycli
1769 3963 1902 4016 inci-

406 4030 569 4093 dunt,
605 4046 802 4084 eruere.

407 4146 633 4219 Cyclum
657 4147 790 4204 solis
821 4148 1026 4204 editum
1057 4148 1163 4203 duc
1194 4148 1248 4202 in
1277 4149 1346 4204 57
1366 4190 1380 4214 ,
1412 4164 1478 4204 ac
1508 4165 1778 4204 summam
1811 4165 1900 4205 re-

340 4254 518 4294 serva.
547 4237 752 4294 Deinde
775 4239 988 4310 cyclum
1017 4240 1159 4293 lunae
1187 4239 1341 4294 aufer
1379 4255 1447 4294 ex
1486 4239 1586 4306 I9;
1623 4247 1717 4294 aut
1757 4241 1804 4296 si
1836 4239 1903 4294 19

341 4331 458 4400 ipse
479 4331 569 4394 sit,
596 4345 751 4386 sume
775 4331 863 4385 19.
897 4329 1034 4386 Eum
1059 4346 1344 4386 numerum
1366 4332 1666 4402 multiplica
1694 4347 1790 4402 per
1810 4331 1900 4387 56.

1993 1858 2115 1922 114,
2145 1869 2203 1913 ut
2232 1859 2364 1912 ﬁant
2393 1859 2569 1914 II78:
2601 1860 2799 1929 quibus
2833 1875 2929 1930 per
2956 1859 3060 1915 552
3095 1861 3308 1926 divisis,
3347 1863 3556 1933 reliqua

1991 1959 2118 2004 sunt
2162 1950 2282 2006 114.
2325 1950 2558 2006 Proinde
2588 1952 2899 2006 Chronicon
2926 1952 3354 2008 Alexandrinum
3379 1954 3557 2020 ἔξοδον

1992 2040 2204 2096 confert
2231 2043 2287 2096 in
2317 2058 2516 2096 annum
2545 2043 2646 2095 114
2677 2043 2885 2112 periodi
2920 2041 3321 2099 Victorinianaz.
3363 2041 3432 2098 Ut
3463 2061 3562 2098 au-

1993 2139 2100 2185 tem
2131 2131 2276 2186 scias
2303 2140 2504 2201 quotus
2533 2132 2604 2187 sit
2637 2132 2777 2187 idem
2801 2134 3038 2204 computi
3060 2135 3560 2207 Constantinopoli-

1993 2223 2127 2286 lani,
2159 2225 2471 2292 conjectura
2500 2239 2637 2292 opus
2664 2233 2766 2280 est.
2811 2223 3077 2290 Quoniam
3103 2225 3269 2296 igitur
3300 2223 3471 2282 Graeci
3494 2244 3560 2282 ex

1993 2313 2136 2368 LXX
2152 2315 2436 2370 Seniorum
2461 2317 2564 2371 fide
2579 2333 2752 2372 annos
2775 2319 2934 2387 vulgo
2958 2327 3243 2372 numerant
3261 2320 3329 2373 ab
3351 2319 3561 2374 Adamo

1995 2406 2064 2461 ad
2124 2407 2386 2462 diluvium
2437 2408 2600 2473 2242,
2633 2418 2688 2464 et
2731 2425 2762 2462 a
2818 2410 3023 2465 diluvio
3081 2411 3150 2464 ad
3192 2411 3560 2466 Abrahamum

1996 2497 2154 2560 1172,
2179 2511 2392 2551 summa
2415 2499 2688 2568 colligitur
2712 2500 2780 2555 ab
2805 2499 3012 2555 Adamo
3059 2501 3128 2555 ad
3173 2510 3350 2556 ortum
3387 2502 3563 2558 Abra-

1997 2589 2176 2653 hami,
2212 2605 2478 2643 annorum
2509 2591 2668 2646 5414.
2699 2591 2838 2646 Ilinc
2869 2601 3049 2647 autem
3087 2593 3153 2647 ad
3186 2595 3562 2664 migrationem

1996 2697 2063 2736 ex
2094 2680 2328 2753 Egypto
2362 2691 2552 2752 putant
2583 2699 2755 2740 annos
2794 2685 3014 2740 circiter
3039 2686 3162 2741 505.
3201 2689 3380 2754 Quare
3411 2689 3564 2744 colli-

1997 2783 2202 2845 guntur
2226 2775 2356 2829 anni
2379 2773 2493 2831 fere
2522 2776 2660 2831 5919
2687 2779 2755 2832 ab
2783 2777 2992 2833 Adamo
3029 2779 3096 2833 ad
3142 2778 3335 2843 ἔξοδον.
3370 2779 3440 2834 Ut
3470 2794 3565 2834 ac-

1998 2875 2251 2921 curatum
2321 2882 2523 2922 annum
2589 2867 2790 2923 habeas
2858 2868 3212 2924 Alexandrini
3272 2869 3564 2934 Chronici,

1999 2975 2181 3030 quaere
2207 2960 2264 3015 in
2309 2961 2494 3015 tabula
2543 2976 2597 3014 γι
2644 2976 2846 3014 annum
2896 2963 3143 3031 proxime
3191 2963 3454 3018 minorem
3503 2979 3568 3018 eo

2000 3068 2160 3122 quem
2193 3053 2490 3122 suspicaris
2521 3036 2534 3106 ὲ
2565 3053 2661 3123 qui
2694 3060 2752 3106 ut
2790 3053 2964 3122 major
2995 3061 3080 3108 est
3118 3069 3264 3108 anno
3291 3053 3430 3110 5724
3450 3096 3464 3120 ,
3493 3054 3568 3108 ita

2002 3144 2181 3198 minor
2212 3143 2372 3197 4256.
2404 3142 2672 3209 Quocirca
2719 3158 2893 3198 annos
2944 3146 3151 3214 periodi
3181 3145 3570 3202 Victorinianae

2004 3233 2127 3298 114,
2158 3233 2296 3289 adde
2325 3233 2392 3288 ad
2415 3234 2575 3298 5724,
2607 3234 2805 3291 efﬁcies
2836 3251 3037 3290 annum
3091 3237 3252 3301 5858,
3293 3237 3387 3308 qui
3431 3238 3569 3292 divi-

2002 3342 2098 3381 sus
2127 3341 2223 3395 per
2249 3327 2461 3397 cyclum
2497 3327 2628 3382 solis
2657 3343 2721 3382 ac
2751 3329 2914 3394 lunae,
2944 3328 3132 3384 reddet
3162 3329 3294 3384 solis
3325 3331 3566 3399 quidem,

2003 3418 2213 3485 cyclum
2235 3417 2290 3482 2,
2314 3419 2455 3473 lunae
2485 3434 2613 3474 vero
2656 3419 2723 3473 I9
2755 3439 2768 3473 :
2810 3421 2956 3489 quod
2983 3428 3104 3475 erat
3136 3423 3496 3492 propositum.

2075 3507 2310 3578 Rursus,
2347 3511 2393 3565 si
2425 3519 2619 3581 praeter
2649 3511 2786 3566 duos
2811 3512 2933 3566 illos
2955 3513 3158 3582 cyclos,
3185 3513 3408 3568 indictio
3443 3515 3570 3569 data

2004 3611 2078 3658 sxt
2099 3604 2184 3668 15,
2216 3617 2501 3656 numerum
2538 3601 2659 3668 114,
2694 3605 2787 3672 qui
2818 3611 3094 3672 postremo
3126 3605 3350 3660 relictus
3391 3615 3475 3660 est
3503 3621 3571 3660 ex

2002 3695 2268 3750 divisione
2296 3709 2392 3764 per
2416 3693 2520 3748 552
2551 3695 2836 3762 instituta;
2871 3710 2966 3764 per
2999 3695 3066 3750 15
3095 3696 3319 3764 partior,
3363 3704 3574 3752 restant

2003 3785 2074 3838 9:
2109 3785 2176 3839 de
2204 3800 2334 3854 quo,
2374 3784 2573 3840 additis
2607 3785 2709 3849 15,
2763 3785 3026 3840 subtraho
3058 3785 3158 3849 I5,
3196 3786 3406 3856 reliqua
3436 3785 3574 3840 ﬁunt

2005 3877 2104 3945 II;
2133 3893 2254 3947 qua:
2293 3878 2339 3932 si
2365 3878 2636 3932 ducantur
2667 3880 2722 3932 in
2756 3877 2894 3932 1064
2917 3921 2932 3945 ,
2979 3893 3194 3933 summa
3223 3879 3327 3933 erit
3361 3878 3535 3934 11704
3555 3919 3572 3942 .

2004 3971 2072 4024 ad
2103 3986 2266 4041 quam
2295 3969 2472 4040 adjice
2499 3971 2636 4037 114,
2686 3979 2741 4026 et
2777 3987 2844 4026 ex
2890 3979 3006 4026 toto
3039 3971 3214 4026 11818
3241 4009 3258 4037 ,
3315 3973 3573 4043 quoniam

2007 4065 2145 4120 7980
2198 4064 2449 4128 excedit,
2508 4063 2594 4118 his
2652 4062 2933 4128 deductis,
2999 4063 3324 4133 relinquitur
3397 4079 3576 4118 annus

2005 4156 2144 4211 5858
2173 4175 2186 4211 :
2224 4171 2254 4209 a
2291 4171 2399 4226 quo
2432 4155 2627 4211 ablatis
2661 4156 2782 4219 795,
2820 4154 3036 4209 exsistit
3065 4170 3242 4211 annus
3276 4157 3331 4209 in
3356 4152 3572 4209 Iuliana

2004 4249 2229 4320 periodo
2257 4249 2431 4314 5045,
2473 4249 2564 4318 qui
2614 4247 2902 4317 respondet
2935 4262 3080 4301 anno
3114 4246 3577 4316 Constantinopo-

2006 4342 2174 4394 litano
2219 4340 2377 4394 5858.
2425 4339 2540 4395 Hoc
2599 4347 2661 4392 ut
2718 4353 2904 4392 verum
2954 4355 3077 4395 esse
3127 4354 3466 4411 cognoscas,
3508 4355 3576 4395 ex

340 4423 472 4490 Quae
516 4423 643 4480 inde
678 4431 938 4478 nascetur
971 4438 1181 4479 summa
1206 4464 1222 4486 ν
1273 4439 1392 4478 eam
1443 4439 1567 4478 cum
1622 4425 1904 4494 superiore
1935 4453 1981 4507 ι)
2008 4432 2265 4487 methodo
2293 4433 2521 4486 canonis
2545 4432 2915 4488 antecedentis
2936 4471 2951 4493 ,
2995 4432 3064 4486 ad
3112 4433 3322 4502 cyclum
3377 4431 3510 4487 solis
3542 4431 3578 4484 2

341 4526 634 4582 compone,
674 4527 795 4582 qua:
834 4527 902 4566 ex
933 4512 1087 4582 cyclo
1125 4512 1257 4566 solis
1289 4512 1453 4566 ducto
1505 4512 1562 4566 in
1599 4511 1668 4566 57
1706 4513 1901 4566 oritur.

341 4603 615 4673 Quidquid
637 4618 704 4658 ex
733 4603 1001 4658 ambobus
1028 4601 1320 4657 conflatum
1366 4603 1508 4664 erit.
1551 4604 1756 4672 partire
1809 4619 1906 4674 per

341 4696 480 4761 552,
528 4695 810 4750 residuum
859 4697 963 4749 erit
1007 4709 1183 4750 annus
1238 4696 1447 4765 periodi
1497 4693 1904 4752 Victorinianze.

342 4786 458 4842 Hoc
486 4787 533 4842 si
564 4787 830 4857 adjeceris
859 4785 926 4840 ad
950 4800 1151 4840 annum
1175 4801 1334 4856 quem
1368 4787 1614 4856 proxime
1641 4788 1907 4844 minorem

343 4894 488 4935 anno
516 4894 639 4934 atrae
661 4878 859 4940 Graeca:
891 4879 1172 4948 proposito
1205 4879 1471 4947 suspicari
1509 4887 1664 4948 potes
1689 4920 1704 4944 ,
1741 4881 1794 4934 in
1826 4888 1907 4933 ta-

341 4972 470 5026 bula
492 4988 568 5035 vi,
593 4970 821 5027 habebis
844 4985 1044 5024 annum
1068 4969 1341 5033 Graecum,
1365 4970 1524 5039 cujus
1547 4972 1754 5041 proprii
1779 4981 1906 5027 sunt

342 5065 482 5135 cycli
523 5065 656 5120 solis
703 5079 766 5118 ac
803 5064 944 5118 luna:
986 5063 1040 5117 in
1083 5064 1381 5134 quaestione
1424 5065 1618 5133 positi;
1659 5081 1768 5136 quo
1819 5066 1906 5121 in-

341 5167 528 5222 vento,
560 5174 655 5228 per
688 5156 1000 5212 methodum
1032 5157 1260 5211 canonis
1291 5157 1686 5222 antecedentis,
1716 5162 1908 5230 exqui-

341 5266 434 5306 res
464 5265 622 5319 quem
675 5250 727 5303 in
765 5265 966 5303 annum
1009 5249 1237 5304 Iuliana:
1278 5250 1519 5319 periodi,
1572 5253 1655 5306 vel
1703 5253 1907 5308 Christi

342 5351 634 5411 competat.
673 5343 825 5408 Quod
859 5343 902 5397 si
929 5349 1187 5412 praeterea
1208 5343 1334 5397 data
1362 5345 1433 5400 sit
1461 5343 1689 5400 indictio
1716 5365 1728 5400 :
1764 5347 1908 5416 quod

340 5435 615 5505 superfuit
643 5436 709 5488 de
738 5435 926 5488 ultima
975 5434 1243 5490 divisione
1280 5436 1412 5501 552,
1446 5453 1542 5507 per
1593 5438 1662 5493 I5
1689 5438 1869 5494 divide
1890 5479 1905 5502 ,

341 5532 774 5593 accommodata,
806 5531 852 5586 si
877 5531 949 5584 ita
984 5545 1208 5586 necesse
1237 5531 1569 5603 est,integra
1595 5534 1813 5602 periodo
1843 5535 1909 5588 15

342 5640 608 5679 annorum
640 5643 654 5680 :
684 5623 829 5695 quod
861 5624 984 5678 inde
1015 5624 1305 5693 supererit,
1336 5625 1532 5692 retine,
1562 5633 1616 5679 et
1647 5625 1906 5689 indidem,

340 5717 495 5773 aufer
553 5717 888 5788 propositam
943 5715 1328 5781 indictionem,
1384 5717 1825 5788 accommodato,
1861 5719 1907 5776 si

654 5808 924 5870 PATROL.
970 5809 1086 5872 Gn.
1119 5809 1293 5872 XIX.

2007 4523 2670 4592 Constantinopolitanum
2725 4521 2864 4575 adde
2895 4520 3035 4583 ,—I7;
3097 4522 3165 4576 ad
3211 4521 3460 4576 lunarem
3509 4521 3577 4575 19

2008 4614 2144 4670 adde
2173 4615 2226 4678 5,
2249 4621 2302 4668 et
2327 4611 2394 4666 ad
2423 4611 2771 4666 indictionem
2825 4612 2893 4666 I5
2941 4611 3078 4666 adde
3098 4611 3155 4676 0,
3187 4611 3448 4668 conficies
3479 4628 3576 4683 cy-

2008 4707 2124 4760 clos
2153 4701 2420 4766 Julianos,
2453 4700 2586 4755 solis
2616 4700 2682 4753 I9
2711 4715 2834 4754 cum
2863 4700 3040 4754 littera
3065 4698 3140 4763 E;
3183 4700 3326 4753 luna:
3346 4699 3401 4763 5,
3434 4699 3578 4754 indi-

2007 4797 2244 4851 ctionem
2276 4793 2382 4848 I5:
2419 4807 2539 4862 quae
2568 4793 2750 4846 omnia
2783 4801 3092 4861 congruunt
3133 4789 3186 4842 in
3232 4803 3437 4844 annum
3483 4806 3578 4860 pe-

2007 4887 2150 4942 riodi
2175 4885 2402 4940 Iuliana
2430 4885 2600 4949 50I5,
2641 4884 2735 4954 qui
2781 4882 3114 4938 centesimus
3142 4889 3196 4936 et
3223 4882 3577 4952 quadragesi~

2009 4995 2132 5035 mus
2160 4985 2246 5034 est
2277 4986 2402 5032 ante
2432 4991 2615 5031 veram
2646 4974 2910 5045 epocham
2939 4972 3145 5036 Exodi,
3191 4987 3356 5042 quam
3390 4972 3444 5026 in
3478 4989 3577 5026 an-

2010 5087 2138 5126 num
2173 5069 2382 5141 periodi
2408 5067 2638 5122 Iuliana;
2677 5065 3011 5121 contulimus
3036 5064 3196 5120 5185.
3249 5062 3314 5117 Ει
3355 5065 3575 5134 quidem

2009 5163 2322 5218 Chronicon
2351 5161 2426 5215 ait
2450 5175 2594 5214 anno
2627 5159 2720 5213 illo
2740 5197 2756 5223 ,
2806 5173 2968 5228 quem
3005 5165 3256 5212 numerat
3288 5155 3458 5218 5858,
3502 5155 3579 5210 fe-

2008 5256 2147 5310 riam
2185 5271 2201 5308 I
2241 5254 2532 5324 contigisse
2563 5251 2763 5321 Aprilis
2792 5265 2916 5313 xm,
2947 5247 3248 5321 eodemque
3275 5245 3364 5301 die
3411 5261 3579 5316 quar-

2009 5356 2122 5402 tam
2157 5346 2422 5403 decimam
2447 5345 2615 5400 Nisan
2643 5343 2934 5408 incidisse;
2967 5348 3028 5396 ut
3061 5340 3284 5394 minime
3329 5337 3582 5396 dubitan-

2011 5440 2140 5494 dum
2178 5441 2269 5504 sit,
2304 5439 2434 5508 quin
2464 5445 2519 5492 et
2565 5451 2767 5492 aureus
2800 5449 3060 5490 numerus
3102 5432 3266 5487 fuerit
3293 5432 3356 5497 5,
3401 5440 3455 5488 et
3485 5448 3581 5503 cy-

2011 5533 2130 5588 clus
2159 5533 2291 5587 solis
2324 5531 2409 5596 I9,
2444 5531 2734 5600 litteraque
2766 5527 3121 5582 Dominicalis
3155 5523 3216 5578 E.

2081 5625 2240 5679 Aliud
2274 5623 2581 5694 exemplum
2611 5639 2625 5674 :
2655 5619 2968 5675 Chronicon
3008 5617 3150 5673 idem
3185 5632 3391 5672 annum
3443 5630 3580 5671 con-

2011 5726 2204 5790 ceptus
2254 5715 2483 5773 Joannis
2539 5711 2894 5784 praecursoris
2946 5716 3197 5766 numerat
3247 5709 3317 5764 ab
3379 5709 3586 5764 Adamo

3190 5801 3269 5863 b6
