4070 6406
517 382 647 438 145i

1543 372 1633 425 AD
1671 371 1938 426 EUSEBII
1978 369 2368 426 CIIRONICON
2408 367 2769 422 APPENDIX.

3630 369 3767 423 1452

516 499 676 565 5505,
708 499 753 553 si
785 512 814 551 a
855 496 1050 550 Martio
1103 509 1278 549 annus
1321 492 1604 546 inclioetur
1626 534 1640 558 ,
1666 492 1962 546 indictione
1987 505 2096 555 xiv,
2129 494 2171 550 Α
2202 489 2333 545 feria
2368 507 2380 543 ι
2410 489 2611 558 Aprilis
2646 505 2696 542 ix
2727 488 2834 555 die,
2867 486 3320 558 quemadmodum
3360 487 3413 540 in
3453 486 3767 542 Graecorum

517 606 662 646 anno
693 589 903 658 imperii
929 588 1158 657 Augusti
1195 601 1324 640 xxix
1355 604 1368 639 :
1401 600 1521 653 quae
1543 599 1664 639 esse
1703 584 1994 638 falsissima
2019 600 2086 636 ex

518 681 772 738 methodo
813 686 998 734 nostra
1031 679 1103 730 ita
1131 677 1470 745 colligemus.
1528 673 1728 727 Divisis
1759 673 1918 726 annis
1951 672 2090 725 5505

518 789 613 842 per
631 772 722 837 28,
750 768 1076 838 relinquitur
1105 768 1238 821 solis
1271 765 1456 836 cyclus
1488 765 1549 817 17
1583 780 1597 828 ;
1651 778 1748 833 per
1794 762 1861 816 19
1907 770 2089 817 autem

517 864 754 935 partitis,
782 860 1163 931 relinquentur
1194 858 1281 912 14.
1328 855 1525 910 Verum
1555 855 1781 908 indictio
1825 869 1932 908 non
1976 869 2088 917 xiv,

517 955 614 1011 sed
649 970 719 1008 xv
747 951 1035 1023 consurgit
1061 967 1127 1006 ex
1147 950 1415 1004 divisione
1448 961 1545 1017 per
1566 946 1650 1000 15.
1681 945 1970 1010 Quairatur
1991 959 2092 998 an-

519 1061 622 1100 nus
655 1045 766 1108 ille,
802 1044 858 1097 in
893 1058 1052 1113 quem
1081 1041 1305 1096 indictio
1337 1055 1429 1092 xiv
1463 1054 1588 1092 cum
1628 1038 1784 1108 cyclo
1820 1037 1951 1092 solis
1985 1053 2093 1091 xvii

518 1146 573 1192 et
604 1138 744 1190 lunae
802 1151 891 1189 xiv
919 1144 1229 1190 concurrat.
1265 1130 1506 1184 Primum
1555 1130 1720 1184 ducto
1762 1129 1918 1200 cyclo
1963 1129 2096 1183 solis

519 1227 584 1280 17
630 1227 685 1280 in
712 1227 801 1288 57,
849 1223 1154 1279 eﬂiciuntur
1194 1221 1340 1282 969;
1381 1228 1494 1274 tum
1543 1219 1738 1272 ablatis
1773 1218 1840 1272 14
1890 1218 1955 1272 de
1991 1217 2094 1282 19,

520 1324 730 1372 restant
754 1316 808 1378 5,
843 1330 963 1384 quae
997 1315 1052 1368 in
1075 1313 1141 1368 56
1163 1313 1326 1366 ducta
1358 1308 1494 1362 ﬁunt
1541 1307 1682 1374 280;
1719 1308 1918 1362 additis
1967 1306 2092 1371 969,

521 1420 733 1461 summa
761 1404 1080 1475 producitur
1105 1401 1260 1465 1249,
1284 1415 1405 1470 qua:
1432 1413 1528 1468 per
1557 1398 1663 1452 552
1696 1398 1988 1452 distributa
2017 1411 2100 1450 re-

522 1499 716 1567 linquit
771 1496 891 1550 185.
946 1493 1117 1565 Igitur
1161 1509 1336 1547 annus
1375 1492 1511 1562 cycli
1564 1488 1827 1542 Victorini
1862 1487 1963 1541 185
2008 1485 2099 1541 illc

529 1589 631 1644 fuit
671 1603 830 1658 quem
868 1585 1180 1641 Chronicon
1236 1584 1524 1654 signiﬁcat.
1577 1581 1778 1636 Verum
1831 1579 2095 1643 indictio,

523 1696 686 1753 quam
721 1679 988 1748 adjungit,
1035 1678 1323 1732 ratiocinia
1365 1675 1670 1731 conturbat.
1707 1673 1840 1726 Nam
1885 1672 1928 1726 si
1971 1671 2100 1726 reli-

525 1786 662 1842 quos
688 1770 809 1824 illos
842 1769 944 1822 185
982 1783 1078 1838 per
1109 1767 1176 1822 15
1207 1766 1462 1836 partiare,
1494 1771 1707 1818 restant
1734 1763 1787 1822 5,
1811 1763 1878 1816 de
1899 1761 2099 1830 quibus

2194 579 2489 650 Horologio
2515 579 2730 650 legitur.

2189 695 2372 750 (ΖΜΟΝ
2423 692 2492 749 ν.
2527 692 2765 747 Αῖιαῑεηι
2802 697 2941 746 (una:
2970 694 3022 744 in
3067 693 3193 745 dato
3242 691 3470 760 quolibet
3519 706 3658 743 anno
3707 705 3773 744 tu:

2435 765 2519 817 die
2545 765 2814 832 utriusque
2858 766 3086 830 computi
3117 761 3517 830 deprehendere.

2266 852 2556 921 Postquam
2580 855 2796 924 cyclum
2842 854 3086 906 lunarem
3124 866 3220 921 per
3243 865 3508 904 canonem
3534 850 3775 918 primum

2193 945 2484 1014 repereris,
2519 960 2640 998 cum
2675 959 2741 998 eo
2788 943 2874 997 adi
2901 943 3137 1014 tabulam
3171 958 3262 997 ιιιέ
3299 941 3459 1010 cujus
3507 942 3561 994 in
3592 941 3775 1008 primo

2193 1052 2353 1092 versu
2385 1037 2598 1108 cyclum
2624 1045 2777 1090 tuum
2807 1037 3113 1107 requirito;
3145 1044 3258 1089 tum
3307 1050 3339 1088 e
3390 1035 3601 1087 directo
3640 1047 3780 1099 epa»

2195 1139 2338 1184 ctam
2395 1131 2471 1183 illi
2521 1130 2962 1199 respondentem.
3018 1128 3077 1182 Si
3123 1125 3477 1186 Alexandrini
3532 1123 3778 1193 computi

2197 1229 2452 1300 proprius
2477 1237 2562 1284 est
2599 1231 2852 1283 inventus
2884 1241 2915 1280 a
2945 1233 2999 1280 te
3042 1225 3228 1295 cyclus
3253 1262 3268 1286 ,
3317 1227 3511 1292 epacta
3560 1221 3636 1274 illi
3692 1235 3782 1274 re-

2197 1322 2473 1392 spondens
2499 1328 2582 1378 est
2614 1336 2697 1386 ea,
2720 1334 2841 1390 quae
2873 1318 3093 1390 maximi
3125 1318 3345 1371 dicitur.
3369 1313 3770 1369 Constantino-

2198 1415 2437 1484 politano
2457 1428 2587 1468 vero
2610 1411 2871 1465 tribuitur
2919 1412 3088 1463 altera
3111 1449 3124 1473 ,
3158 1423 3282 1478 qua:
3314 1407 3484 1461 lsaaci
3520 1403 3779 1460 inscribi-

2199 1515 2311 1559 tur.
2363 1505 2564 1561 Confer
2617 1515 2670 1561 te
2713 1503 2910 1560 deinde
2954 1503 3022 1556 ad
3084 1501 3322 1554 tabulam
3360 1515 3394 1550 v
3441 1497 3778 1569 regularium

2205 1598 2346 1653 lunae
2366 1638 2380 1662 ,
2415 1605 2469 1652 et
2493 1596 2758 1668 propositi
2782 1595 2984 1650 mensis
3012 1593 3291 1663 regulares
3316 1592 3561 1661 computi
3598 1589 3783 1657 cujus-

2204 1694 2284 1749 vis
2318 1693 2566 1763 proprios
2594 1706 2844 1760 excerpe.
2883 1688 3168 1742 Summam
3204 1700 3272 1739 ex
3311 1681 3519 1752 epactis
3545 1689 3600 1734 et
3621 1695 3781 1748 regu-

2205 1784 2411 1838 laribus
2439 1781 2726 1837 conﬂatam
2760 1796 2896 1850 auge
2939 1779 3150 1832 dierum
3206 1787 3470 1836 numero,
3526 1771 3685 1838 cujus
3721 1770 3780 1822 in

527 1841 707 1917 ablata
734 1858 1034 1913 indictione
1067 1858 1343 1927 proposita
1372 1857 1438 1910 14
1460 1898 1473 1921 ,
1522 1862 1818 1924 supersunt
1854 1852 1886 1905 6
1918 1872 1931 1906 :
1978 1867 2100 1921 qua!

2208 1874 2393 1928 ultimo
2417 1880 2549 1926 aetas
2579 1873 2721 1925 lunae
2763 1841 3081 1938 requiritur.
3117 1864 3344 1919 Collecti
3373 1863 3491 1916 dies
3539 1861 3615 1914 illi
3643 1900 3658 1922 ,
3713 1873 3780 1912 ac

530 1957 586 2008 in
615 1952 752 2006 1064
775 1953 937 2006 ducta
961 1949 1257 2004 coniiciunt
1302 1948 1461 2002 6584.
1498 1947 1649 2002 Adde
1682 1946 1782 1998 185
1802 1985 1818 2009 ,
1873 1946 2099 1999 exsistet

533 2061 710 2101 annus
742 2043 903 2107 6569,
935 2043 1032 2113 qui
1061 2041 1245 2114 cyclos
1296 2041 1556 2105 exhibet,
1606 2039 1738 2096 solis
1774 2052 1919 2100 xvn,
1960 2037 2100 2090 lunae

529 2155 654 2203 xtv,
708 2136 1061 2191 indictionem
1122 2149 1231 2188 xiv.
1288 2131 1385 2186 Est
1438 2139 1618 2186 autem
1675 2145 1851 2184 annus
1895 2127 2100 2182 Christi

529 2229 690 2284 1856.
743 2226 905 2281 Vides
957 2223 1371 2279 absurditatem.
1402 2222 1766 2288 Quamobrem
1811 2235 1918 2273 non
1965 2219 2101 2273 satis

531 2316 904 2375 commendari
939 2307 1225 2370 methodus
1275 2314 1379 2370 ista
1411 2319 1608 2384 potest,
1640 2327 1761 2382 quae
1788 2312 1855 2365 ad
1887 2310 2102 2365 Graeco-

533 2427 652 2466 rum
675 2411 949 2465 annalium
970 2406 1318 2478 castigandos
1336 2421 1573 2469 errores,
1599 2404 1898 2474 praesertim
1925 2401 2103 2458 Theo-

533 2503 751 2574 phanis,
784 2501 1044 2570 majorem
1075 2500 1328 2569 Opinione
1362 2497 1600 2552 fructum
1629 2496 1835 2551 aﬂ‘eret.

534 2613 716 2670 CANON
746 2611 831 2669 IV.
874 2611 1145 2680 Propositi
1181 2611 1460 2680 cujuslibet
1489 2609 1593 2663 diei
1632 2609 1821 2677 feriam
1856 2609 1912 2661 in
1954 2607 2099 2662 Grie-

885 2699 1065 2736 corum
1113 2692 1350 2748 computo
1389 2682 1752 2749 pronuntiare.

609 2775 832 2831 Invento
866 2775 1020 2846 cyelo
1057 2774 1189 2829 solis
1234 2773 1288 2826 in
1325 2781 1559 2842 utroque
1605 2776 1862 2840 computo
1891 2784 1985 2838 per
2013 2782 2108 2821 ca-

536 2884 732 2924 nonem
769 2884 818 2932 t,
872 2867 1000 2922 huic
1027 2876 1392 2936 congruentes
1423 2872 1641 2934 epactas
1668 2873 1976 2919 menstruas
2010 2860 2109 2914 ad-

538 2960 662 3014 hibe
693 2976 757 3014 ex
791 2958 974 3012 tabula
1029 2973 1067 3011 Il
1103 2957 1243 3027 cycli
1274 2955 1507 3020 solaris;
1557 2962 1671 3008 tum
1713 2968 1781 3008 ex
1809 2951 1993 3006 tabula
2043 2965 2104 3002 ιιι

539 3058 762 3120 epactas
795 3057 1105 3104 menstruas
1157 3047 1373 3116 require
1397 3087 1411 3112 ,
1473 3053 1635 3115 atque
1663 3043 1733 3099 ad
1782 3045 1865 3100 sui
1897 3043 2110 3114 generis

2198 1982 2292 2036 per
2313 1965 2380 2019 50
2419 1964 2602 2027 divisi,
2634 1972 2798 2031 quota
2825 1961 2895 2015 sit
2927 1959 3020 2012 illo
3039 1958 3130 2012 die
3161 1957 3289 2009 luna
3313 1953 3715 2008 monstrabunt.

2268 2058 2640 2127 Exemplum:
2702 2053 3049 2123 Propositum
3108 2051 3179 2104 sit
3240 2048 3566 2117 investigare
3611 2053 3782 2113 quola

2199 2150 2327 2204 luna
2360 2150 2432 2202 sit
2465 2148 2668 2218 Aprilis
2706 2147 2742 2200 2
2779 2145 2908 2200 anni
2943 2142 3080 2198 7054
3104 2140 3460 2196 Alexandrini
3493 2137 3733 2207 computi
3761 2175 3778 2198 ,

2199 2245 2253 2294 et
2284 2238 2420 2292 7050
2468 2232 3097 2304 Constantinopolitani;
3127 2245 3359 2300 quorum
3403 2229 3590 2299 cyclos
3630 2227 3786 2279 luna-

2201 2344 2290 2384 res
2317 2327 2654 2383 confecimus
2681 2341 2890 2380 canone
2925 2339 2978 2391 l;
3012 2323 3160 2378 illius
3188 2321 3408 2392 quidem
3432 2319 3496 2384 4;
3529 2318 3692 2386 hujus
3723 2317 3780 2368 1.

2203 2419 2370 2490 Igitur
2390 2434 2515 2474 cum
2539 2419 2690 2490 cyclo
2717 2416 3098 2472 Alexandrinae
3125 2428 3248 2490 gere:
3269 2413 3324 2474 4,
3377 2412 3433 2465 in
3469 2410 3656 2464 tabula
3683 2424 3736 2462 tv
3759 2446 3779 2470 .

2203 2505 2420 2559 invenio
2447 2512 2692 2573 epactam
2718 2519 2814 2557 xu.
2833 2501 2891 2556 In
2920 2499 3105 2554 tabula
3128 2515 3180 2564 ν,
3204 2497 3482 2567 regulares
3499 2493 3704 2563 Aprilis
3723 2491 3780 2547 0.

2204 2594 2438 2651 Proinde
2460 2603 2651 2666 epacta
2679 2593 2768 2658 12,
2794 2600 2848 2647 et
2877 2591 3080 2662 Aprilis
3104 2591 3221 2645 dies
3242 2589 3277 2642 2
3303 2590 3488 2642 lunam
3509 2587 3783 2641 decimam

2205 2698 2453 2758 quartam
2480 2687 2715 2742 oiIerunt
2742 2685 2834 2739 illo
2861 2684 2970 2738 die.
3023 2684 3092 2736 At
3120 2697 3299 2736 annus
3327 2680 3468 2734 7050
3505 2678 3785 2733 Constan-

2206 2779 2601 2849 tinopolitanus
2623 2784 2845 2846 epactas
2869 2776 2925 2828 in
2957 2789 3009 2827 tv
3044 2773 3232 2827 tabula
3262 2787 3314 2825 x1
3341 2771 3583 2835 obtinet;
3619 2783 3782 2837 regu-

2209 2872 2376 2925 larem
2403 2869 2458 2922 in
2485 2885 2517 2923 ν
2547 2867 2750 2929 tabula,
2780 2883 2830 2932 i;
2860 2865 2994 2919 ﬁunt
3021 2881 3120 2928 xu,
3148 2871 3200 2918 et
3234 2878 3358 2917 cum
3382 2859 3547 2915 biduo
3581 2859 3786 2929 Aprilis

2209 2973 2322 3011 xiv.
2355 2955 2499 3010 Sane
2526 2956 2583 3008 in
2612 2953 2906 3024 Horologio
2931 2954 3103 3008 (ἰτωοί
3129 2954 3314 3006 lunam
3338 2952 3432 3006 illo
3457 2965 3602 3005 anno
3631 2949 3785 3004 deci—

2209 3063 2355 3102 mam
2381 3057 2629 3118 quartam
2659 3055 2980 3116 computant
3013 3045 3216 3116 Aprilis
3250 3044 3512 3098 secundo.

540 3153 934 3234 concurrente?
966 3138 1324 3234 F'pponf’ghoc
1354 3147 1439 3234 es?
1466 3137 1532 3192 ad
1555 3145 1945 3234 concurre???
1968 3135 2110 3207 cycn
2138 3171 2184 3234 ο
2214 3159 2394 3216 CANON
2433 3159 2522 3214 Vl.
2567 3157 2871 3213 Terminum
2910 3158 3226 3212 Paschalem
3260 3159 3367 3211 sive
3423 3156 3636 3210 Pascha
3689 3154 3788 3208 Ju-

541 3248 662 3288 aeraa
690 3232 1067 3288 Alexandrinae
1100 3228 1239 3284 adde
1293 3230 1566 3300 regulares
1603 3228 1844 3298 computi
1873 3226 2109 3282 Alexan-

540 3325 684 3384 drini
706 3364 722 3389 ,
771 3325 838 3379 ad
873 3331 1262 3379 concurrentes
1298 3338 1425 3376 vero
1456 3323 1694 3392 computi
1718 3320 2112 3376 Constantino--

543 3417 797 3490 politani,
840 3417 1116 3486 regulares
1149 3414 1414 3484 ejusdem.
1455 3415 1679 3470 Demum
1715 3415 1778 3468 ad
1821 3414 2110 3469 conﬂatam

545 3507 670 3562 inde
707 3522 996 3571 summam,
1028 3505 1124 3576 τὴν
1157 3505 1438 3570 ποσταίαν,
1472 3506 1577 3558 hoc
1612 3513 1697 3558 est
1729 3504 1872 3557 diem
1908 3506 2112 3558 mensis

545 3600 737 3671 adjice.
779 3598 932 3665 Quod
977 3598 1103 3652 inde
1149 3597 1467 3664 conﬁcitur,
1509 3613 1604 3668 per
1646 3596 1677 3649 7
1729 3594 2000 3660 divisum,
2036 3596 2114 3650 fe-

546 3695 682 3746 riam
713 3688 1130 3746 demonstrabit.

615 3780 856 3850 Exempli
887 3779 1099 3850 gratia:
1140 3776 1221 3831 Sit
1263 3792 1440 3832 annus
1483 3776 1724 3847 computi
1756 3775 2112 3831 Alexandrini

547 3871 706 3935 7054,
735 3868 1320 3939 Constantinopolitaui
1374 3884 1523 3933 vero,
1560 3869 1717 3923 7050.
1773 3867 1979 3924 Prioris
2023 3883 2116 3938 cy-

547 3963 666 4017 clus
689 3976 786 4031 per
821 3976 1086 4015 canonem
1128 3976 1144 4012 t
1181 3959 1462 4014 confectus
1491 3969 1574 4014 est
1604 3976 1676 4014 νι.
1706 3960 2113 4014 Concurrentes

546 4066 616 4108 ex
645 4050 828 4105 tabula
873 4065 944 4110 ιι,
981 4057 1107 4103 sunt
1155 4047 1207 4102 6.
1260 4045 1433 4102 Velim
1488 4048 1631 4102 scire
1683 4047 1872 4102 feriam
1910 4048 2017 4102 diei
2060 4065 2114 4102 Ix

546 4141 767 4212 Aprilis.
811 4139 1109 4210 Regulares
1141 4138 1486 4194 Alexandrini
1533 4154 1600 4192 ex
1652 4139 1836 4192 tabula
1866 4155 1924 4192 ιιι
1960 4139 2114 4192 colli-

546 4241 750 4303 guntur
781 4231 1048 4300 7,quibus
1079 4229 1146 4284 ad
1168 4230 1200 4282 6
1232 4228 1428 4284 additis
1444 4243 1566 4283 cum
1598 4228 1836 4284 9diebus
1877 4231 2111 4300 Aprilis,

547 4340 758 4380 summa
789 4333 872 4378 est
905 4323 988 4377 15.
1021 4321 1254 4376 Proinde
1283 4321 1474 4376 feriam
1517 4321 1640 4377 dico
1673 4322 1842 4378 fuisse
1887 4341 1922 4377 ι.
1971 4322 2114 4378 Rur-

549 4430 643 4469 sus
672 4415 861 4484 cyclus
887 4416 1015 4467 anni
1051 4413 1187 4468 7050
1219 4411 1807 4483 Constantiuopolitaui
1833 4431 1926 4485 per
1952 4431 2111 4470 eum-

2286 3231 2526 3311 daieuin,
2581 3231 2795 3300 ejusque
2846 3231 3038 3298 feriam
3090 3230 3145 3282 in
3178 3240 3397 3298 utroque
3425 3238 3664 3296 computo
3707 3243 3790 3280 re-

2284 3319 2472 3371 perire.

2286 3417 2422 3471 Cum
2452 3415 2605 3487 cyelo
2645 3415 2826 3469 lunari
2857 3428 3066 3468 canone
3102 3413 3280 3483 primo
3328 3411 3667 3481 deprehenso
3701 3412 3788 3466 adi

2217 3509 2453 3562 tabulam
2494 3523 2564 3560 tv.
2614 3506 2672 3560 In
2707 3507 2882 3576 primo
2922 3521 3081 3560 versu
3115 3505 3326 3576 cyclum
3379 3513 3534 3559 tuum
3565 3504 3786 3574 accipe,

2216 3606 2269 3653 et
2294 3616 2359 3653 ex
2396 3601 2603 3654 directo
2633 3597 2952 3675 Paschalem
2993 3598 3284 3652 terminum
3307 3635 3320 3660 ,
3359 3611 3507 3673 .cum
3542 3596 3661 3664 ejus
3701 3609 3790 3649 re-

2219 3690 2393 3759 gulari
2429 3699 2534 3742 tam
2571 3689 2624 3743 in
2661 3689 3025 3744 Alexandrina
3055 3703 3182 3753 tera,
3234 3702 3396 3757 quam
3431 3689 3485 3741 in
3521 3688 3792 3741 Constan-

2219 3782 2597 3851 tinopolitana.
2643 3780 2851 3835 Exinde
2885 3789 3275 3836 concurrentes
3306 3780 3444 3850 cycli
3495 3780 3629 3834 solis
3658 3779 3790 3832 anni

2219 3873 2482 3942 propositi
2516 3887 2610 3942 per
2641 3887 2906 3926 canonem
2943 3889 2995 3926 iv
3045 3873 3297 3927 inventos
3320 3914 3335 3935 ,
3386 3888 3511 3927 cum
3556 3873 3788 3942 regulari

2222 3965 2438 4020 termini
2489 3979 2776 4033 compone.
2820 3963 3043 4018 Summa
3093 3965 3280 4018 feriam
3328 3965 3517 4028 dabit,
3563 3966 3790 4034 adjectis

2221 4064 2445 4125 septem.
2479 4053 2550 4110 Ut
2583 4071 2725 4108 anno
2776 4055 2967 4110 eodem
3019 4056 3385 4110 Alexandrino
3418 4055 3573 4115 7054.
3606 4058 3791 4127 cyclus

2221 4149 2363 4202 luna:
2405 4164 2458 4201 iv
2493 4148 2548 4200 in
2584 4147 2769 4201 tabula
2823 4148 3240 4217 respondentem
3282 4148 3444 4203 habet
3499 4151 3790 4204 terminum

2220 4235 2537 4292 Paschalem
2562 4238 2762 4306 Aprilis
2789 4236 2845 4300 2,
2865 4239 3022 4306 cujus
3054 4239 3332 4309 regulares
3358 4247 3486 4292 sunt
3508 4239 3563 4303 2,
3602 4243 3790 4311 cyclus

2222 4330 2353 4384 solis
2385 4345 2438 4384 vt
2484 4336 2876 4384 concurrentes
2927 4329 3116 4382 itidem
3148 4330 3297 4383 dedit
3328 4328 3360 4382 6
3398 4344 3495 4398 per
3523 4345 3789 4386 canonem

2224 4437 2308 4487 iv;
2346 4421 2505 4475 ambo
2527 4420 2736 4474 collecti
2767 4419 2956 4473 feriam
2989 4436 3005 4472 ι
3035 4421 3313 4474 exhibent.

547 4504 669 4558 dem
700 4519 964 4562 canonem
987 4503 1358 4573 deprehensus
1387 4513 1471 4558 est
1495 4504 1588 4568 22,
1629 4515 2022 4561 concurrentes
2053 4507 2105 4560 5.
2149 4523 2192 4576 ι)
2293 4509 2383 4564 Sic
2412 4525 2555 4564 anno
2583 4509 3187 4578 Constantinopolitano
3213 4509 3369 4574 7050,
3395 4511 3581 4581 cyclus
3601 4510 3780 4564 lunsel

546 4596 844 4666 Regulares
884 4595 1086 4676 Aprilis
1110 4596 1164 4650 in
1190 4597 1430 4650 secundo
1479 4613 1639 4653 versu
1676 4598 2006 4667 regularium
2035 4608 2116 4651 ta-

547 4687 687 4741 bulae
719 4703 778 4740 ιιι
812 4697 938 4740 sunt
973 4687 994 4739 I
1022 4727 1037 4752 ,
1084 4687 1175 4756 qui
1224 4702 1348 4741 cum
1397 4688 1430 4741 5
1461 4690 1915 4743 concurrentibus
1941 4729 1956 4754 ,
1988 4698 2042 4743 et
2085 4689 2118 4743 9

545 4776 740 4832 diebus
765 4777 966 4846 Aprilis
998 4787 1332 4846 componunt
1361 4778 1427 4832 15
1455 4796 1469 4843 ;
1503 4779 1747 4849 adeoque
1781 4778 1974 4834 feriam
2011 4796 2050 4834 ι.

616 4865 975 4936 Experiamur
1015 4882 1081 4921 an
1137 4876 1282 4924 recte
1338 4871 1547 4938 positus
1605 4871 1676 4924 sit
1723 4872 1967 4926 calculus
2020 4887 2117 4941 per

547 4957 1032 5012 characterismum
1073 4975 1338 5013 annorum
1388 4961 1614 5026 Christi,
1653 4963 1735 5016 vel
1781 4964 1989 5031 periodi
2019 4963 2118 5017 Juo

549 5046 726 5101 liante.
780 5048 972 5102 Annus
1026 5049 1424 5114 Alexandrinus
1470 5051 1640 5114 7054,
1675 5053 1938 5109 detractis
1973 5054 2111 5120 779,

547 5137 818 5192 invenitur
851 5139 1303 5209 periodiJulianae
1336 5143 1509 5209 6255,
1539 5146 1632 5214 qui
1662 5154 1716 5200 et
1742 5147 1884 5200 idem
1922 5163 2117 5216 prove-

546 5229 628 5283 nit
652 5229 845 5284 ablatis
884 5230 984 5286 795
1010 5232 1076 5286 de
1111 5248 1256 5288 anno
1307 5235 1445 5290 7050
1498 5236 2114 5308 Constantinopolitano

546 5335 614 5374 ex
642 5322 897 5376 methodo
924 5325 1150 5380 canonis
1189 5341 1247 5380 ιι.
1283 5325 1387 5381 Sed
1430 5338 1484 5383 et
1527 5330 1689 5383 iidem
1739 5333 1866 5384 anni
1899 5333 2119 5401 conspi-

546 5418 671 5462 rant
701 5411 756 5464 in
779 5429 980 5466 annum
1004 5415 1207 5472 Christi
1238 5419 1394 5483 1542,
1427 5421 1471 5474 si
1510 5436 1577 5474 ex
1621 5422 1992 5478 Alexandrino
2025 5425 2116 5477 ab-

544 5499 726 5567 jecero
753 5503 910 5567 5492,
935 5515 988 5560 et
1015 5521 1046 5560 e
1074 5506 1702 5580 Constantinopolitano,
1725 5514 1885 5568 5508.
1905 5515 1974 5566 At
2000 5523 2112 5568 tam

544 5605 721 5646 annus
751 5596 956 5662 periodi
1004 5593 1234 5653 Juliana:
1269 5601 1443 5665 6255,
1504 5619 1666 5674 quam
1697 5605 1903 5661 Christi
1938 5607 2108 5670 1542,

545 5681 753 5736 obtinet
778 5686 990 5754 cyclum
1023 5690 1154 5745 solis
1192 5690 1497 5747 Romanum
1532 5710 1608 5760 xl,
1640 5697 1728 5751 cui
1759 5713 1826 5752 ex
1854 5699 2037 5753 tabula
2074 5715 2112 5752 ιι

545 5773 804 5835 competit
833 5775 1012 5832 littera
1040 5779 1105 5836 A.
1129 5781 1298 5842 Igitur
1331 5784 1614 5841 verissime
1647 5788 1995 5846 pronuntiata
2025 5795 2112 5843 est

2217 4603 2509 4659 terminum
2551 4601 2708 4655 oﬂ‘ert
2754 4601 2810 4654 in
2849 4601 3036 4655 tabula
3061 4617 3133 4667 iv,
3166 4602 3369 4671 Aprilis
3401 4618 3462 4663 ιι,
3487 4617 3612 4657 cum
3639 4618 3792 4672 regu-

2216 4694 2423 4748 laribus
2451 4693 2506 4748 5.
2534 4692 2736 4764 Cyclus
2765 4693 2898 4747 solis
2939 4707 3002 4746 ex
3036 4708 3248 4747 canone
3272 4710 3283 4746 ι
3318 4694 3418 4746 fuit
3438 4694 3530 4756 22,
3559 4708 3789 4748 concur-

2218 4795 2400 4842 rentes
2433 4788 2486 4852 5,
2521 4789 2615 4857 qui
2650 4802 2776 4840 cum
2812 4787 3157 4856 regularibus
3196 4787 3493 4840 ostendunt
3522 4785 3711 4840 feriam
3746 4803 3783 4851 ι,

2217 4879 2431 4948 qualem
2457 4877 2772 4932 Graecorum
2806 4875 3160 4947 Horologium
3193 4877 3551 4931 demonstrat.

2215 4989 2397 5044 CANON
2426 4987 2535 5044 VII.
2573 4988 2785 5041 Pascha
2823 4986 3208 5051 Christianum,
3242 5005 3303 5040 ac
3342 4990 3606 5056 praecipua
3642 4988 3789 5044 Cra:-

2496 5075 2679 5112 corum
2715 5059 2849 5127 festa
2878 5060 3059 5128 quovis
3099 5076 3238 5112 anno
3267 5057 3509 5126 deﬁnire.

2284 5147 2534 5203 Paschali
2567 5149 2798 5203 termino
2833 5163 2930 5218 per
2967 5148 3304 5219 superiorem
3330 5163 3592 5204 canonem
3618 5149 3796 5204 anim-

2217 5241 2484 5305 adverso,
2528 5241 2758 5310 ejusque
2799 5239 2971 5303 feria,
3020 5241 3069 5296 si
3112 5240 3394 5296 Dominica
3443 5242 3554 5304 sit,
3602 5243 3655 5295 in
3707 5257 3793 5296 se.

2215 5340 2474 5402 quentem
2509 5332 2845 5387 Dominicam
2874 5331 3218 5388 dilIunditur.
3259 5332 3316 5387 Si
3352 5333 3579 5386 alterum
3624 5335 3680 5387 in
3713 5334 3785 5387 Ie-

2215 5425 2352 5477 riam
2382 5426 2648 5479 terminus
2680 5427 2954 5488 incurrat,
2978 5427 3224 5496 proxime
3247 5440 3482 5495 sequens
3511 5426 3789 5479 Dominica

2215 5513 2425 5568 Pascha
2445 5515 2849 5572 oCbristianum
2893 5521 3184 5575 obtinebit.
3230 5517 3458 5572 Inventa
3503 5517 3788 5577 Paschate,

2216 5605 2353 5660 testa
2389 5608 2595 5676 reliqua
2644 5610 2798 5663 nullo
2849 5613 3068 5680 negotio
3119 5611 3380 5680 reperies.
3420 5608 3546 5662 Haec
3577 5607 3785 5661 metho-

2215 5695 2317 5751 dus
2335 5703 2387 5750 et
2415 5713 2510 5767 per
2551 5698 2833 5756 se-facilis
2862 5709 2966 5769 est,
3009 5712 3063 5757 et
3105 5701 3284 5772 capite
3327 5698 3598 5770 superiori
3627 5697 3791 5766 hujus

2214 5786 2339 5841 libri
2363 5787 2692 5843 continetur.
