4070 6406
404 407 537 462 i455

975 520 1209 576 CAPUT
1249 522 1388 577 XlV.

403 660 477 713 De
503 659 1055 730 certorumltominum
1083 659 1332 714 Pass/tali
1355 671 1593 730 computo
1616 677 1678 714 ac
1707 661 1966 727 met/mdo,

469 746 598 799 quos
650 730 708 784 S.
764 729 1034 784 Maximus
1089 729 1546 796 πενταπλοῦντὰς,
1590 742 1640 786 et
1680 731 1971 796 ἐξαπλοῢν-

469 817 570 862 τας
630 801 906 865 nominat;
971 817 1064 855 nos
1099 801 1552 871 undecuplatores
1607 801 1967 871 appellamus,

460 885 692 942 quorum
719 872 857 942 ratio
878 886 1036 940 prope
1075 870 1455 942 inextricabilis
1497 875 1608 925 visa
1675 870 1966 939 Scaligero,

471 940 728 1007 facillime
751 939 1078 995 declaratur.
1115 940 1188 994 De
1221 940 1408 994 iisdem
1439 957 1588 995 error
1618 940 1896 1012 Scaligeri.

471 1073 740 1128 Maximus
773 1081 980 1146 martyr
1007 1074 1192 1144 prima:
1220 1077 1393 1146 partis
1423 1077 1684 1146 computi,
1718 1092 1841 1148 cap.
1875 1075 1966 1145 Xl,

400 1171 456 1220 et
487 1163 582 1218 XII
603 1205 618 1227 ,
655 1180 719 1219 ac
770 1174 878 1220 tota
924 1167 1162 1221 secunda
1189 1175 1342 1239 parte
1382 1179 1572 1224 contra
1603 1178 1785 1226 certos
1815 1185 1968 1224 com-

399 1255 518 1325 puti
552 1254 787 1311 artiﬁces
816 1256 1078 1325 disputat,
1110 1273 1251 1330 quos
1283 1260 1742 1326 πενταπλοωτας,
1766 1272 1820 1318 et
1847 1261 1970 1327 ἑξα-

401 1345 667 1409 πλοῦντας
699 1354 886 1412 vocat;
925 1347 1026 1401 hoc
1067 1356 1151 1403 est
1186 1348 1478 1418 quinquies
1508 1361 1560 1407 et
1588 1353 1767 1408 sexies
1796 1368 1969 1409 annos

399 1439 538 1510 cycli
585 1438 792 1492 lunaris
825 1437 1287 1507 multiplicantes;
1331 1440 1438 1503 vel,
1488 1447 1548 1494 ut
1579 1456 1688 1496 uno
1721 1442 1882 1497 verbo
1913 1442 1969 1499 id

400 1531 754 1601 exprimatur,
780 1530 1040 1585 undecies
1071 1549 1084 1584 :
1121 1545 1357 1601 quorum
1385 1533 1702 1588 methodum
1727 1537 1970 1592 secunda

400 1633 552 1694 parte
579 1623 851 1694 pr0ponit,
887 1625 982 1678 sed
1012 1623 1245 1678 obscure
1274 1638 1338 1677 ac
1365 1625 1640 1695 perplexe,
1669 1635 1729 1682 ut
1757 1629 1970 1687 dilﬁcile

399 1716 471 1771 sit
498 1717 627 1785 quid
670 1716 770 1771 sibi
803 1715 934 1769 velit
967 1715 1202 1786 assequi.
1237 1715 1394 1781 Quod
1428 1724 1480 1771 et
1525 1715 1770 1790 Scaliger
1792 1721 1887 1778 lib.
1927 1739 1966 1778 ιι

398 1809 476 1864 De
526 1808 888 1863 emendat-ioue
935 1818 1226 1876 temporum
1271 1807 1506 1875 fatetur,
1545 1825 1666 1881 cap.
1717 1811 1792 1868 De
1827 1813 1967 1870 falso

397 1898 552 1970 cyclo
579 1896 854 1953 Paschali.
887 1896 998 1953 Nos
1034 1905 1214 1952 tamen
1261 1899 1538 1968 aspirante
1571 1899 1704 1967 Deo,
1739 1914 1793 1958 et
1821 1905 1969 1972 ejus-

397 1989 521 2045 dem
568 1990 903 2045 sanctissimi
947 1989 1204 2061 martyris
1249 1989 1508 2060 precibus
1563 1993 1757 2062 adjuti,
1805 1996 1969 2052 tricas

397 2080 533 2136 istas
563 2095 754 2135 omnes
783 2080 1138 2150 pervicimus,
1181 2095 1244 2135 ac
1273 2085 1443 2136 totam
1473 2082 1618 2136 illam
1655 2085 1966 2140 methodum

389 2170 800 2242 exploravimus
829 2189 844 2225 ι
873 2171 1033 2239 cujus
1073 2170 1161 2224 hic
1195 2170 1480 2226 scientiam
1530 2171 1795 2229 studiosis
1835 2175 1968 2229 ado-

393 2261 728 2317 lescentibus
752 2260 1150 2330 impartiemur.
1182 2259 1317 2314 Nam
1346 2276 1454 2315 non
1486 2263 1661 2317 solum
1693 2263 1762 2318 ad
1791 2266 1968 2336 expli-

394 2356 629 2410 candum
670 2353 888 2408 Maximi
920 2361 1238 2423 computum
1276 2355 1390 2409 haec
1425 2370 1456 2409 a
1497 2356 1656 2412 nobis
1684 2373 1847 2427 opera
1880 2375 1967 2414 rc-

389 2447 670 2518 quiritur,
733 2445 830 2500 sed
883 2452 968 2500 est
1029 2447 1191 2500 etiam
1247 2445 1314 2500 ad
1379 2445 1965 2517 Constantinopolitani

393 2536 657 2606 computi,
697 2549 856 2607 quem
903 2549 1068 2605 supra
1115 2534 1540 2600 declaravimus,
1587 2535 1964 2592 illustrandum

392 2631 658 2700 originem
713 2628 1019 2700 aptissima.
1074 2627 1318 2683 Primum
1370 2631 1554 2702 itaque
1607 2647 1729 2701 quae
1781 2630 1964 2686 diver-

391 2721 471 2778 sis
497 2721 630 2777 locis
659 2719 726 2776 de
755 2721 864 2777 illis
895 2719 1165 2776 Maximus
1193 2721 1500 2791 tradiderit,
1531 2724 1588 2778 in
1617 2737 1783 2778 unum
1815 2722 1966 2778 colli-

391 2828 602 2884 gemus.

474 2905 786 2976 ’Υποτομὴν
832 2904 1082 2976 σελήνης,
1125 2920 1284 2974 quem
1320 2923 1340 2956 ‹
1373 2905 1571 2960 saltum
1614 2905 1754 2960 luna:
1791 2923 1810 2957 ι
1844 2905 1963 2959 vul-

391 3011 552 3067 gares
582 2996 824 3065 computi
859 2995 1166 3059 nominant,
1208 2995 1284 3048 ait
1317 2995 1493 3065 capite
1531 2995 1818 3050 undecimo
1849 2995 1964 3063 pri-

391 3103 492 3142 mae
520 3087 693 3158 partis
726 3087 794 3140 ab
835 3087 946 3142 illis
991 3085 1229 3141 conferri
1266 3086 1320 3138 in
1355 3101 1556 3141 annum
1593 3086 1729 3156 cycli
1762 3103 1837 3151 xi,
1868 3088 1961 3156 qui

384 3188 473 3235 est
505 3195 594 3234 xlv
622 3181 937 3235 Graecorum
987 3188 1040 3234 et
1066 3178 1457 3244 Romanorum,
1487 3179 1647 3246 cujus
1677 3178 1958 3234 neomenia
1987 3215 2028 3272 ϐ

389 3272 554 3340 coepit
587 3269 898 3326 Decembris
936 3269 1163 3334 ultimo;
1215 3283 1393 3330 annus
1426 3268 1543 3337 ipse
1583 3283 1712 3322 vero
1755 3268 1958 3323 desinit

388 3365 442 3418 in
481 3363 794 3418 Decembris
832 3377 988 3417 xvnt.
1029 3359 1186 3416 Unde
1219 3375 1456 3429 sequens
1503 3376 1700 3426 annus,
1739 3361 1832 3431 qui
1865 3377 1958 3432 cy-

387 3457 474 3510 clo
499 3455 726 3510 affectus
755 3461 873 3509 erat
895 3454 1111 3507 illorum
1132 3440 1230 3514 ιίι,
1258 3450 1666 3506 Catholicorum
1699 3468 1786 3517 xv,
1815 3466 1846 3505 a
1871 3452 1958 3507 die

387 3565 480 3603 xix
507 3547 818 3604 Decembris
844 3547 1050 3614 inibat;
1079 3547 1152 3600 ita
1181 3552 1240 3600 ut
1271 3545 1396 3599 luna
1419 3561 1510 3600 ιιιν
1531 3547 1757 3602 caderet
1783 3548 1836 3601 in
1857 3545 1959 3601 Ka-

386 3641 577 3697 lendas
624 3638 935 3696 Ianuarias.
989 3638 1170 3706 Quare
1226 3656 1405 3695 annus
1453 3640 1593 3710 cycl-i
1637 3639 1956 3694 undecimus

384 3733 530 3802 apud
562 3732 991 3802 undecuplantes
1025 3731 1158 3786 istos
1214 3732 1319 3801 (sic
1347 3731 1493 3786 enim
1525 3731 1795 3800 appellare
1823 3729 1957 3784 mihi

386 3824 592 3898 liceat),
635 3826 750 3880 sive
789 3825 1036 3880 decimus
1079 3831 1310 3894 quartus
1339 3823 1790 3888 orthodoxorum,
1841 3823 1957 3879 die-

386 3919 491 3974 bus
545 3918 834 3974 constabat
880 3916 1144 3972 trecentis
1190 3915 1586 3986 quinquaginta
1634 3913 1834 3977 tribus,
1891 3928 1956 3967 ac

386 4012 494 4067 diei
523 4011 690 4066 unius
733 4007 1050 4079 suppressio
1080 4007 1242 4063 ﬂebat
1287 4006 1601 4063 Decembris
1640 4021 1754 4070 nx,
1786 4005 1955 4075 siqui-

383 4093 506 4158 dem
538 4103 826 4157 neomenia
860 4099 998 4170 cycli
1045 4099 1263 4154 illorum
1297 4115 1397 4162 χιι,
1439 4105 1753 4154 nostrorum
1795 4113 1886 4161 xv,
1922 4111 1954 4151 a

384 4209 457 4247 xx
492 4191 825 4254 Decembris,
863 4191 956 4245 cui
993 4205 1061 4245 ex
1106 4189 1601 4245 Alexandrinorum
1636 4187 1954 4259 praescripto

381 4285 502 4332 erat
535 4277 712 4342 allixa,
747 4278 813 4331 ad
844 4294 938 4332 xix
961 4272 1430 4344 transferebatur;
1462 4284 1521 4331 ut
1551 4293 1694 4332 unus
1726 4277 1818 4332 ille
1847 4277 1956 4332 dis-

383 4371 736 4425 simularetur
769 4370 907 4424 dies.
935 4369 1014 4423 Ac
1059 4376 1192 4423 tunc
1237 4368 1484 4424 decimus
1515 4383 1694 4425 nonus
1729 4368 1953 4423 Decem-

385 4462 498 4517 bris
546 4461 823 4516 numerari
879 4460 965 4515 bis
1021 4459 1252 4525 solebat,
1307 4467 1366 4512 ut
1413 4464 1526 4512 tam
1579 4457 1950 4513 antecedentis

1355 411 1812 468 DlSSERTATlO
1853 415 1938 468 DE
1979 416 2389 472 UIUECORUM
2429 417 2632 472 A‘JRIS.

3502 427 3640 480 1454

2002 533 2044 590 Α
2073 537 2364 600 quartum,
2410 529 2607 585 horum
2659 545 2790 586 vero
2826 531 3058 602 primum
3106 533 3321 590 illorum
3371 538 3641 596 decimum

2067 623 2385 693 ‘scptitnum.
2417 624 2489 676 At
2518 623 2716 679 solaris
2746 625 2934 695 cyclus
2968 626 3040 680 ita
3075 642 3136 682 se
3164 627 3348 694 habet,
3381 637 3439 684 ut
3469 632 3642 688 unde-

2071 714 2407 784 cuplantium
2451 715 2660 785 primus
2701 714 2774 770 sit
2809 712 3144 782 Graecorum,
3182 719 3274 788 qui
3319 719 3642 776 Alexandri-

2068 825 2202 864 num
2252 818 2570 880 computum
2612 826 2782 864 unum
2823 811 2890 867 de
2931 813 3145 869 duobus
3175 815 3456 882 adhibent,
3501 834 3642 889 quos

2072 899 2326 970 superius
2347 900 2594 970 exposui,
2623 900 2869 956 decimus
2894 903 3106 960 tertius.
3131 903 3277 970 ldeo,
3305 921 3428 961 cum
3451 909 3640 979 cyclus

2069 990 2386 1046 Graecorum
2419 991 2822 1047 Alexandrinus
2861 995 3068 1062 primus
3113 997 3443 1067 respondeat
3484 1008 3639 1055 sexto

2069 1083 2224 1154 cyclo
2251 1081 2522 1148 Romano,
2559 1090 2618 1137 ut
2648 1098 2770 1153 cap.
2805 1081 2849 1136 V
2886 1084 3048 1154 hujus
3078 1086 3204 1140 libri
3243 1087 3640 1144 demonstravi-

2069 1187 2226 1238 mus,
2268 1173 2478 1243 primus
2519 1173 3001 1246 undecuplantium
3045 1177 3149 1231 erit
3186 1175 3462 1235 Romanus
3489 1180 3638 1236 deci-

2069 1280 2192 1320 mus
2219 1274 2466 1320 octavus.

2137 1355 2312 1425 Caput
2341 1356 2556 1410 illorum
2585 1356 2844 1420 methodi,
2877 1372 2942 1412 ac
2967 1358 3237 1428 praecipua
3266 1359 3638 1430 reprehensio-

2069 1445 2155 1502 nis
2194 1462 2349 1516 seges
2384 1447 2526 1517 apud
2563 1445 2854 1502 Maximum
2890 1448 2944 1502 in
2989 1449 3252 1515 terminis,
3285 1451 3400 1507 sive
3427 1453 3639 1522 quartis

2069 1537 2294 1593 decimis
2346 1537 2706 1596 Paschalibus
2761 1539 3039 1605 consistit,
3090 1541 3238 1610 quod
3293 1543 3370 1597 illi
3419 1545 3640 1600 easdem

2069 1630 2208 1693 dies,
2248 1645 2370 1700 qua;
2418 1631 2486 1686 ab
2532 1631 2916 1688 Alexandrinis
2953 1643 3007 1688 et
3044 1633 3342 1690 Catholicis
3388 1651 3640 1691 numera-

2066 1720 2268 1775 bantur
2290 1723 2515 1777 decimat
2539 1731 2768 1793 quartae,
2799 1724 2998 1796 sapius
3024 1725 3265 1781 decimas
3290 1727 3528 1796 quintas,
3555 1729 3640 1783 vel

2074 1819 2258 1868 sextas
2303 1813 2544 1870 decimas
2576 1816 2876 1885 putabant:
2913 1817 3056 1889 quod
3109 1826 3165 1871 ut
3205 1819 3290 1873 via
3332 1829 3386 1875 et
3428 1820 3640 1875 ratione
3687 1858 3694 1860 -

2072 1903 2332 1969 facerent,
2379 1907 2719 1976 propositum
2770 1908 3068 1978 quemlibet
3114 1924 3318 1964 annum
3368 1910 3504 1981 cycli
3551 1911 3639 1966 sui

2066 1995 2304 2064 primum
2336 2012 2431 2067 per
2475 1998 2736 2068 quinque,
2786 1999 2983 2055 deinde
3020 2016 3118 2071 per
3170 2016 3266 2057 sex
3305 2003 3636 2073 multiplica-

2066 2085 2218 2150 bant,
2259 2087 2360 2140 hoc
2389 2095 2474 2143 est
2507 2089 2561 2142 in
2594 2096 2764 2144 totum
2806 2105 2904 2158 per
2937 2090 3211 2156 undecim,
3245 2099 3360 2146 tum
3388 2093 3457 2147 ad
3487 2111 3638 2150 sum-

2067 2189 2210 2229 mam
2243 2175 2370 2230 inde
2398 2177 2687 2232 conﬂatam
2718 2179 2836 2234 dies
2869 2179 3230 2250 adjiciebant;
3258 2181 3350 2253 qui
3375 2198 3405 2236 a
3433 2181 3634 2238 Kalen-

2066 2266 2154 2322 dis
2181 2265 2455 2324 Ianuariis
2501 2268 2569 2324 ad
2612 2270 2907 2325 terminum
2951 2270 3268 2329 Paschalem
3311 2275 3459 2330 illius
3509 2275 3637 2331 anni

2065 2357 2515 2412 numerabantur.
2545 2357 2760 2415 Rursus
2791 2367 2922 2429 quot
2956 2360 2994 2414 ii
3026 2362 3143 2418 dies
3173 2374 3332 2418 erant
3373 2379 3403 2418 a
3430 2363 3636 2420 Kalen-

2063 2447 2151 2502 dis
2180 2446 2455 2506 Ianuariis
2499 2450 2567 2506 ad
2597 2452 2916 2516 terminum,
2959 2459 3042 2507 tot
3074 2456 3441 2524 sexagesimas
3472 2457 3637 2512 unius

2064 2540 2172 2595 diei
2206 2541 2533 2610 capiebant:
2565 2543 2630 2599 ad
2665 2560 2806 2614 quas
2838 2546 2999 2602 toties
3037 2545 3276 2617 quinque
3306 2548 3440 2604 alias
3477 2564 3637 2604 sexa-

2063 2629 2299 2700 gesimas
2344 2631 2572 2688 diurnas
2612 2633 2966 2704 adjiciebant,
3018 2645 3220 2706 quotus
3269 2652 3450 2693 annus
3494 2641 3634 2711 cycli

2063 2721 2385 2791 putabatur;
2427 2739 2698 2778 summam
2744 2727 3203 2798 sexagesimarum
3237 2745 3333 2798 per
3363 2730 3432 2785 60
3465 2733 3636 2800 parti-

2064 2821 2173 2866 tam
2216 2813 2273 2867 in
2315 2813 2433 2869 dies
2485 2815 2844 2886 redigebant:
2877 2834 3015 2889 quos
3064 2819 3131 2873 ad
3174 2820 3410 2889 priorem
3456 2822 3636 2892 ὁμάδα

2063 2903 2272 2958 dierum
2318 2906 2702 2962 accensebant.
2755 2906 2871 2963 Hoc
2911 2908 3072 2966 modo
3103 2909 3222 2965 dies
3257 2910 3466 2976 eadem,
3513 2928 3634 2982 quae

2062 3003 2254 3065 quarta
2286 2996 2495 3052 decima
2543 2997 2762 3054 Nicama
2801 3008 2938 3068 erat,
2982 3005 3173 3073 quinta
3220 3003 3430 3058 decima
3467 3020 3630 3076 saepe,

2064 3086 2165 3140 hoc
2194 3094 2281 3140 est
2319 3087 2374 3140 in
2406 3089 2565 3143 annis
2593 3105 2727 3157 xm;
2760 3093 2925 3148 semel
2956 3100 3108 3148 sexta
3139 3093 3348 3149 decima
3379 3111 3634 3151 numera-

2063 3179 2242 3242 batur,
2278 3179 2332 3235 in
2369 3195 2513 3234 anno
2541 3183 2754 3237 decimo
2777 3175 2934 3238 sexto
2965 3184 3137 3256 cycli;
3163 3186 3218 3238 in
3257 3187 3498 3254 caeteris,
3529 3187 3633 3244 hoc

2059 3279 2144 3326 est
2177 3273 2232 3326 in
2265 3288 2303 3337 ι,
2329 3288 2388 3332 ιι.
2421 3289 2502 3336 ιιι,
2539 3289 2610 3337 tv,
2643 3283 2697 3329 et
2730 3291 2884 3339 xvm,
2920 3285 3114 3346 quarta
3157 3276 3369 3332 decima
3404 3278 3634 3347 putaba-

2057 3370 2164 3416 tur.
2198 3361 2336 3416 Hinc
2368 3361 2502 3416 illud
2535 3362 2841 3426 eveniebat,
2887 3371 2946 3417 ut
2977 3362 3188 3418 Pascha
3221 3379 3288 3419 ex
3321 3379 3508 3419 eorum
3539 3379 3635 3419 ra-

2058 3453 2300 3508 tiociniis
2336 3453 2460 3507 luna
2495 3469 2609 3506 xxu
2654 3453 2741 3508 vel
2775 3469 2906 3508 χχιιι
2932 3454 3333 3521 celebraretur;
3369 3454 3506 3510 alias
3534 3469 3635 3510 au-

2057 3551 2164 3598 tem
2196 3560 2320 3599 cum
2353 3544 2625 3598 catholica
2669 3546 2854 3615 regula
2903 3547 3243 3600 conveniret.
3279 3543 3434 3612 Quod
3479 3554 3634 3602 ante-

2057 3652 2219 3706 quam
2271 3654 2371 3693 usu
2414 3638 2532 3707 ipso
2580 3638 2952 3708 exemplisque
2991 3637 3327 3701 declaretur,
3382 3638 3634 3694 schema-

2058 3735 2172 3782 tum
2221 3727 2408 3792 trium,
2454 3742 2575 3797 quae
2625 3727 2682 3782 in
2731 3743 2772 3782 ιι
2815 3735 2971 3799 parte
3000 3727 3294 3800 descripsit
3339 3727 3629 3794 Maximus,

2055 3819 2322 3874 rationem
2355 3817 2668 3874 reddemus.

2125 3907 2183 3962 ln
2209 3908 2362 3978 cyclo
2388 3906 2676 3973 Victorini,
2701 3907 2793 3978 qui
2817 3914 2901 3963 est
2931 3922 3196 3963 annorum
3222 3909 3324 3964 552
3350 3909 3461 3980 (hic
3482 3909 3628 3965 enim

2055 4014 2295 4069 praesens
2334 3999 2400 4053 ad
2430 3999 2735 4054 institutum
2760 4000 3104 4069 assumitur),
3134 4001 3274 4071 cycli
3315 4009 3443 4056 sunt
3476 4003 3606 4056 luna

2056 4106 2168 4156 res,
2197 4091 2312 4147 sive
2341 4089 2891 4146 enneadecaeterides
2923 4098 3049 4146 octo
3084 4099 3138 4146 et
3177 4093 3403 4163 viginti;
3436 4093 3629 4150 solaris

2055 4181 2184 4238 item
2223 4183 2382 4253 cycli,
2421 4184 2505 4237 vel
2537 4183 3112 4253 εἰκοσιοκταετηρίδες,
3142 4184 3539 4238 novemdecitn.
3571 4182 3629 4238 ln

2053 4285 2194 4338 rota,
2225 4289 2396 4338 zona),
2423 4274 2508 4328 vel
2534 4273 2730 4328 circuli
2762 4281 2891 4329 sunt
2917 4289 3134 4327 novem.
3157 4272 3395 4340 Primus,
3419 4282 3474 4329 et
3499 4277 3629 4327 exti-

2054 4381 2178 4422 mus
2212 4368 2424 4436 cyclum
2461 4366 2694 4421 solarem
2739 4365 3004 4428 continet,
3040 4365 3217 4433 qualis
3259 4365 3552 4420 adhibetur
3599 4381 3629 4418 a

2053 4456 2325 4521 Maximo,
2357 4459 2449 4526 qui
2494 4464 2577 4512 est
2623 4456 2976 4511 Alexandrini
3024 4453 3337 4510 Grzecorum
3385 4457 3629 4527 computi

381 4559 690 4621 postremus
722 4559 1026 4620 putaretur,
1059 4564 1222 4619 quam
1252 4548 1463 4618 primus
1493 4549 1792 4617 sequentis.
1815 4547 1950 4603 Rur—
1983 4555 2026 4609 1)
2055 4548 2337 4617 proprius;
2379 4546 2652 4601 secundus
2697 4547 2845 4601 orbis
2887 4554 3108 4615 epactas
3143 4545 3297 4609 solis,
3341 4547 3456 4602 sive
3495 4562 3625 4601 con-

379 4658 478 4698 sus
509 4657 629 4711 cap.
656 4640 752 4695 XII
784 4640 949 4696 refert
980 4640 1121 4705 illos,
1147 4639 1216 4694 ad
1239 4640 1587 4709 exemptilem
1621 4640 1767 4694 diem
1795 4656 1946 4695 com-

379 4734 759 4802 pensandum,
817 4734 1047 4803 singulis
1107 4732 1269 4786 annis
1332 4731 1535 4786 addere
1591 4731 1948 4801 sexagenaria

382 4824 640 4894 scrupula
662 4825 937 4894 quinque;
971 4830 1026 4878 et
1067 4823 1147 4878 sic
1178 4821 1339 4878 annis
1371 4821 1656 4878 duodecim
1683 4822 1824 4876 diem
1862 4823 1949 4876 in-

378 4925 592 4986 tegrum
631 4917 832 4986 colligi,
865 4931 929 4971 ac
971 4915 1188 4970 demum
1227 4929 1322 4971 eos
1369 4915 1518 4984 ipsos
1562 4914 1630 4968 ad
1683 4929 1949 4970 annorum

381 5008 575 5062 Adami
604 5016 922 5078 computum
951 5022 1127 5062 annos
1152 5023 1241 5061 va
1276 5007 1532 5074 adjicere.

451 5097 509 5152 ln
541 5097 780 5154 secunda
808 5112 938 5152 vero
991 5105 1142 5167 parte
1180 5097 1420 5165 computi
1473 5095 1782 5150 methodum
1828 5095 1945 5149 illo-

381 5205 501 5244 rum
549 5189 726 5244 tribus
777 5187 963 5259 ﬁguris
1011 5188 1268 5258 explicat,
1312 5188 1416 5241 hoc
1447 5194 1532 5242 est
1573 5195 1692 5241 rota
1735 5203 1863 5252 una,
1895 5196 1949 5242 et

381 5283 668 5348 laterculo,
695 5281 781 5336 vel
813 5295 1021 5335 canone
1048 5280 1294 5349 duplici:
1339 5294 1570 5349 quorum
1604 5280 1740 5334 alter
1768 5278 1836 5333 ad
1872 5280 1948 5334 si-

379 5377 646 5441 nistram,
692 5375 830 5428 alter
870 5374 938 5427 ad
985 5372 1230 5427 dextram
1272 5383 1404 5426 rotae
1450 5371 1760 5440 descriptus
1808 5378 1946 5428 erat.

381 5462 489 5518 Sed
533 5473 756 5534 propter
796 5460 1081 5532 angustias
1131 5461 1334 5516 chartae
1381 5477 1547 5532 supra
1590 5462 1778 5517 ambos
1828 5470 1947 5517 rota

381 5555 678 5609 constituta
721 5562 827 5610 est.
857 5553 934 5606 Ex
969 5553 1070 5606 hac
1109 5567 1273 5622 porro
1299 5553 1556 5607 methodo
1597 5559 1811 5608 constat
1855 5567 1948 5622 cy-

380 5649 525 5702 clum
557 5651 800 5705 lunarem
831 5647 974 5718 apud
1017 5649 1150 5703 istos
1181 5647 1424 5702 ternario
1463 5647 1728 5701 minorem
1777 5645 1948 5701 fuisse

379 5737 590 5803 Graeco,
613 5741 696 5795 vel
721 5738 1108 5804 Alexandrino,
1133 5738 1226 5809 qui
1253 5738 1394 5794 idem
1418 5745 1472 5793 et
1496 5737 1774 5794 Romanus
1804 5737 1905 5791 fuit
1930 5757 1940 5790 :

379 5838 433 5886 et
471 5833 706 5889 primum
749 5832 1233 5898 undetuplantium
1289 5847 1410 5890 esse
1451 5831 1947 5889 Alexandrinorum
2003 5907 2007 5910 λ

2057 4646 2341 4696 currentes
2375 4640 2567 4706 habet;
2599 4640 2792 4694 tertius
2822 4638 3131 4693 bissextiles
3158 4645 3344 4706 notat;
3375 4647 3627 4710 quartus,

2058 4751 2233 4790 annos
2262 4733 2398 4806 cycli
2426 4733 2622 4790 solaris
2649 4733 3166 4803 undecuplantium;
3196 4733 3287 4803 qui
3317 4735 3398 4788 sic
3429 4733 3626 4801 priori-

2058 4826 2160 4880 bus
2186 4822 2533 4895 respondent,
2560 4831 2619 4876 ut
2643 4823 2852 4892 primus
2881 4821 3360 4891 undecuplantium
3393 4824 3464 4877 sit
3494 4823 3628 4878 isto-

2057 4933 2180 4970 rum
2213 4917 2460 4971 decimus
2505 4916 2718 4979 tertius,
2754 4923 2916 4984 atque
2961 4914 3034 4968 ita
3067 4915 3344 4984 deinceps.
3376 4915 3629 4986 Quinque

2056 5010 2216 5062 orbes
2260 5007 2456 5076 reliqui
2505 5021 2680 5060 annos
2725 5006 3011 5059 continent
3043 5005 3211 5076 cyclis
3253 5007 3524 5061 solaribus
3573 5017 3629 5062 et

2057 5098 2344 5153 lunaribus
2387 5105 2623 5163 notatos,
2666 5097 2720 5151 in
2768 5097 2970 5166 quibus
3010 5097 3275 5152 terminus
3324 5095 3625 5165 Paschalis,

2056 5192 2171 5246 sive
2209 5199 2405 5260 quarta
2463 5189 2670 5244 decima
2719 5189 2957 5252 Nicaena,
3001 5190 3191 5259 quinta
3254 5189 3484 5254 decima,
3539 5191 3626 5246 vel

2056 5291 2206 5339 sexta
2233 5283 2441 5338 decima
2469 5291 2689 5353 putatur
2720 5283 2786 5337 ab
2815 5282 3324 5352 undecuplanti-bus.
3359 5282 3435 5336 lta
3463 5297 3625 5352 porro

2055 5373 2306 5443 dispositi
2337 5381 2464 5428 sunt
2492 5372 2781 5427 interiores
2810 5371 2886 5424 illi
2914 5371 3154 5441 quinque
3179 5370 3390 5434 circuli,
3416 5377 3475 5422 ut
3506 5369 3625 5423 cui-

2055 5467 2188 5522 libet
2209 5482 2354 5521 anno
2380 5467 2516 5537 cycli
2541 5467 2735 5521 solaris
2758 5467 2813 5520 in
2845 5474 3040 5536 quarto
3064 5466 3292 5528 circulo,
3327 5465 3476 5520 cella:
3503 5463 3625 5519 duae

2055 5558 2315 5627 subjecta:
2344 5557 2456 5612 sint
2490 5556 2780 5625 cujuslibet
2818 5572 2849 5610 e
2879 5556 3119 5626 quinque
3143 5556 3383 5610 circulis.
3420 5555 3622 5609 Harum

2053 5648 2336 5709 cellarum,
2377 5660 2499 5716 quae
2543 5645 2612 5699 ad
2666 5637 2851 5699 lzevat'n
2886 5654 2987 5709 est,
3039 5645 3251 5716 cyclum
3305 5645 3466 5710 solis;
3501 5659 3622 5713 qua:

2055 5739 2122 5792 ad
2157 5739 2425 5801 dextram,
2458 5738 2670 5808 cyclum
2706 5737 2848 5790 lunae
2887 5737 3281 5804 complectitur.
3312 5735 3458 5806 Cycli
3495 5749 3624 5789 vero

2057 5831 2194 5892 solis
2228 5832 2288 5887 in
2311 5840 2506 5899 quarto
2553 5830 2761 5885 circulo
2791 5828 3000 5884 indices
3029 5844 3137 5882 una
3180 5837 3306 5884 sunt
3350 5825 3622 5882 enueado-
