4070 6406
468 395 610 448 1355

1475 397 1566 452 ΑΙ)
1595 397 1864 454 EUSEBlI
1905 399 2301 456 CllRONlCON
2344 399 2708 454 APPENDIX.

3579 401 3720 457 1155

466 509 824 574 caeteridum,
880 525 946 564 au
991 525 1129 581 quas
1179 510 1552 580 subjecta‘rn'm
1600 516 1860 568 cellarum
1904 517 2040 584 (‘ycli
2070 520 2115 575 Α
2143 523 2405 587 praterea
2450 513 2740 569 methodus
2776 513 2890 582 ipsa
2931 511 3288 568 demonstrat.
3316 511 3546 578 Etenim,
3575 515 3620 568 si
3649 515 3716 567 ad

467 605 698 665 solares,
732 604 1056 675 lunaresque
1088 609 1380 678 pertinent.
1414 605 1659 676 Exempli
1688 622 1854 662 causa
1876 610 1946 663 sit
1970 609 2033 676 A,

461 694 518 751 id
566 705 651 751 est
702 697 912 766 primus
963 699 1148 768 cyclus
1201 698 1396 753 solaris
1444 697 1924 768 undecuplantium
1981 699 2036 752 in

466 793 661 853 quarta
689 800 847 847 zona,
896 786 984 839 cui
1021 787 1312 856 respondet
1358 787 1412 840 in
1447 787 1617 856 prima
1652 787 1837 855 cyclus
1882 787 1950 855 ιγ’
1985 787 2037 841 id

465 885 549 929 est
576 889 672 928 xm
707 874 1058 929 Alexandrini
1095 876 1354 946 computi.
1395 875 1530 928 Huic
1574 876 1629 928 in
1671 877 1860 945 quinta
1900 893 2036 932 zona

465 966 586 1021 dua
616 967 764 1021 cella
795 965 1152 1036 respondent,
1197 982 1429 1036 quarum
1474 967 1645 1021 altera
1679 967 1902 1022 sinistra
1947 983 2038 1038 cy-

465 1059 607 1112 clum
632 1058 764 1113 solis
789 1058 952 1112 habet
980 1061 1044 1122 6',
1075 1059 1124 1111 id
1155 1069 1238 1114 est
1266 1059 1332 1125 9;
1366 1060 1557 1114 dextra
1589 1074 1805 1128 quoque
1826 1060 2036 1129 cyclum

463 1147 708 1204 lunarem
736 1150 788 1212 9,
818 1166 927 1219 quo
960 1151 1316 1221 signiﬁcatur,
1352 1150 1409 1204 in
1451 1165 1595 1204 anno
1637 1165 1703 1204 eo
1729 1151 1916 1219 prima
1941 1165 2039 1205 en-

463 1240 948 1303 neadeeaeteridis.
979 1243 1072 1312 qui
1101 1243 1254 1314 cyclo
1284 1244 1417 1298 solis
1446 1250 1501 1297 et
1529 1243 1672 1298 luna
1701 1259 1752 1297 Ix
1780 1243 2036 1314 praditus

462 1341 566 1398 est,
601 1334 783 1388 lunam
815 1335 1084 1390 decimam
1113 1343 1366 1404 quartam
1395 1333 1670 1390 Nicanam
1704 1336 1773 1390 ab
1803 1335 2038 1390 undecu-

457 1426 744 1494 plantibus
774 1427 951 1496 putari
984 1443 1072 1481 xv.
1095 1425 1255 1492 Quod
1288 1425 1504 1495 quidem
1534 1425 1737 1496 duplici
1771 1424 1839 1480 de
1867 1441 2035 1481 causa

460 1523 674 1585 poterat
735 1516 872 1572 ﬁeri.
929 1518 1037 1572 Aut
1085 1518 1234 1572 enim
1298 1526 1522 1586 propter
1576 1517 2034 1573 intervenientem

463 1606 765 1662 bisextilem
797 1607 939 1662 diem
981 1625 994 1660 :
1038 1617 1134 1662 aut
1156 1617 1378 1678 propter
1395 1610 1856 1679 sexagesimarum
1885 1610 2035 1664 diur-

463 1709 654 1748 narum
688 1696 1037 1766 epilogismos
1073 1698 1310 1754 accidit:
1343 1698 1542 1767 quibus
1573 1699 1734 1753 annis
1771 1699 2035 1754 bisextilis

462 1785 519 1840 id
548 1785 833 1851 eﬁiciebat,
864 1788 932 1842 iis
963 1789 1236 1858 singulare
1269 1796 1528 1858 punctum
1567 1789 1835 1845 Maximus
1861 1792 2033 1845 ascri-

2138 611 2256 664 dies
2293 609 2362 663 94
2405 608 2578 662 addas
2617 607 2708 667 99,
2747 606 2838 675 qui
2873 605 3126 658 oriuntur
3157 606 3518 675 undecuplato
3569 607 3722 676 cyclo

2139 701 2314 753 lunari
2346 717 2421 763 ix,
2441 699 2639 754 eilicies
2661 698 2778 751 dies
2802 696 2924 758 195,
2942 697 3289 765 sexagesima
3310 711 3435 752 vero
3460 706 3722 766 praterea

2138 792 2206 845 94
2250 790 2403 861 (quot
2448 791 2698 844 videlicet
2737 803 2764 840 a
2795 787 3051 842 Kalendis
3087 787 3329 841 Januarii
3375 789 3724 843 intercedunt

2138 885 2299 950 dies),
2318 899 2440 936 cum
2471 881 2824 952 sexagesimis
2843 882 2930 943 45,
2954 896 3074 949 qua
3101 895 3167 933 ex
3189 879 3346 932 annis
3371 878 3402 932 9
3431 881 3724 949 quinquies

2139 973 2516 1041 multiplicatis
2545 972 2847 1036 exsistunt;
2872 977 3154 1041 pr0pterea
3203 970 3347 1039 quod
3377 985 3520 1025 anno
3557 971 3722 1024 cuili-

2139 1063 2229 1118 bet
2261 1065 2396 1133 cycli
2429 1063 2670 1133 quinque
2697 1063 3032 1132 imputantur
3060 1062 3315 1131 scrupula
3347 1061 3576 1125 diurna;
3601 1075 3722 1113 om-

2138 1168 2257 1219 nes,
2289 1154 2534 1222 inquam,
2573 1153 2678 1207 illa
2725 1152 3076 1222 sexagesima
3105 1166 3332 1204 numero
3365 1150 3486 1215 159,
3527 1151 3722 1204 divisa

2139 1260 2236 1314 per
2277 1243 2346 1299 60
2389 1244 2614 1298 biduum
2648 1245 2882 1298 solidum
2927 1242 3167 1296 etiiciunt
3204 1257 3328 1296 cum
3365 1241 3721 1311 sexagesimis

2142 1334 2227 1388 19.
2264 1334 2509 1404 Abjectis
2556 1335 2794 1390 residuis
2836 1335 3130 1405 scrupulis,
3176 1333 3401 1401 soloque
3443 1332 3608 1384 biduo
3645 1332 3716 1385 ad

2139 1427 2476 1496 superiorem
2509 1441 2778 1482 summam
2813 1426 3026 1480 dierum
3061 1424 3269 1487 addito,
3320 1423 3563 1477 conﬁunt
3595 1423 3719 1477 dies

2139 1516 2242 1571 195
2278 1537 2291 1571 :
2344 1518 2545 1587 quibus
2587 1532 2685 1588 per
2716 1516 2785 1571 50
2814 1515 3144 1580 distributis,
3187 1515 3572 1584 relinquuntur
3598 1512 3720 1578 dies

2137 1623 2228 1661 xv.
2265 1605 2500 1661 Proinde
2539 1614 2735 1676 quarta
2777 1605 2896 1660 dies
2928 1605 3153 1674 Aprilis,
3196 1620 3318 1673 qua
3358 1611 3442 1659 est
3483 1621 3575 1657 xiv
3617 1602 3719 1656 Ni-

2135 1712 2311 1760 cana,
2363 1712 2430 1751 ex
2480 1697 2697 1750 illorum
2758 1694 3120 1749 subductione
3173 1694 3231 1748 ﬁt
3284 1711 3371 1749 xv.
3419 1693 3717 1750 Videamus

2137 1799 2320 1845 utrum
2370 1789 2427 1841 in
2466 1786 2804 1842 Dominicam
2853 1787 2945 1840 ille
2988 1787 3252 1842 terminus
3299 1787 3562 1844 incurrat.
3610 1784 3721 1840 Per

464 1886 675 1946 pserat;
712 1877 780 1930 ad
809 1893 904 1933 eos
933 1887 1112 1933 autem
1150 1895 1343 1943 annos,
1374 1880 1468 1948 qui
1502 1888 1724 1950 propter
1757 1881 2040 1950 scrupula-
2069 1876 2108 1930 Β
2140 1896 2412 1936 canonem
2453 1897 2507 1935 ιν
2535 1880 2780 1950 ejusdem
2827 1879 3025 1949 capitis
3066 1887 3270 1948 epacta
3319 1879 3451 1934 solis
3478 1879 3532 1931 in
3566 1894 3719 1933 anno

465 1968 601 2021 riam
631 1969 899 2024 rationem
939 1970 1078 2024 idem
1123 1973 1462 2036 obtinebant,
1498 1972 1607 2026 duo
1637 1979 1837 2041 puncta
1871 1980 2029 2025 nota—

462 2067 645 2125 verat;
678 2062 783 2114 tria
809 2060 1044 2131 denique
1071 2062 1137 2115 ad
1166 2078 1261 2118 eos
1293 2078 1488 2127 annos,
1525 2065 1578 2116 in
1603 2063 1802 2132 quibus
1821 2063 2033 2118 decima

461 2160 654 2218 quarta
691 2153 984 2221 putabatur
1029 2162 1180 2207 sexta
1214 2154 1444 2208 decima.
1495 2151 1600 2208 Sed
1650 2169 1712 2207 ea
1755 2160 1956 2224 puncta
2001 2168 2032 2207 a

463 2241 702 2298 librariis
733 2244 940 2298 omissa
977 2253 1136 2299 erant
1168 2245 1222 2298 in
1260 2245 1606 2315 apographo;
1640 2260 1815 2314 neque
1846 2261 1945 2300 nos
1977 2246 2032 2300 in

460 2333 569 2388 illis
601 2334 954 2392 restituendis
987 2337 1200 2390 anxiam
1239 2338 1414 2406 magis
1453 2351 1616 2408 quam
1662 2337 1850 2392 utilem
1903 2351 2034 2407 ope-

451 2438 577 2476 ram
609 2439 810 2480 navare
842 2425 1148 2494 voluimus;
1187 2426 1484 2495 prasertim
1516 2439 1639 2480 cum
1681 2440 1745 2479 ex
1779 2425 2034 2480 methodo

461 2523 650 2570 nostra
699 2516 766 2571 de
813 2517 1058 2586 quolibet
1097 2531 1240 2570 anno
1269 2523 1527 2571 constare
1570 2518 1766 2586 possit,
1801 2532 1872 2571 an
1913 2517 2032 2585 ejus

462 2623 551 2662 xlv
581 2608 654 2662 sit
683 2625 772 2672 xv,
805 2611 889 2664 vel
921 2625 1028 2664 xvn.
1057 2609 1164 2664 Sed
1188 2609 1457 2664 Maximus
1491 2608 1746 2663 admonet
1776 2625 1884 2663 non
1915 2625 2033 2663 om-

461 2715 561 2756 nes
581 2716 689 2756 eos
715 2717 889 2757 annos
931 2701 985 2755 in
1027 2703 1380 2757 interioribus
1419 2719 1453 2756 v
1489 2701 1716 2756 orbibus
1745 2701 2032 2757 adnotatos

449 2807 599 2858 esse,
635 2793 691 2846 in
721 2792 921 2862 quibus
951 2808 1042 2846 xiv
1073 2792 1289 2847 Nicana
1339 2792 1398 2845 ﬁt
1440 2807 1504 2847 ex
1547 2791 2031 2862 undecuplantium

459 2883 672 2938 calculo
706 2901 798 2947 xv,
830 2885 913 2939 vel
943 2899 1054 2940 xvx.
1094 2883 1152 2939 ιιι
1179 2885 1321 2940 enim
1357 2884 1415 2939 in
1449 2885 1617 2956 cyclis
1641 2886 1870 2955 singulis
1893 2902 2031 2955 qua-

463 2975 729 3032 terdecies
764 2977 1017 3043 'accidit;
1072 2977 1164 3031 sed
1217 2992 1311 3031 eos
1357 2983 1587 3040 tantum,
1635 2978 1729 3046 qui
1781 2977 2034 3032 eumdem

463 3070 753 3124 terminum
783 3085 892 3124 uno
915 3069 1024 3134 die,
1047 3071 1132 3124 vel
1161 3070 1325 3123 biduo
1353 3070 1587 3140 amplius
1621 3078 1866 3139 putatum
1898 3084 2032 3123 con-

453 3161 642 3216 ferunt
674 3161 728 3215 in
760 3161 1096 3217 Dominicam
1120 3183 1132 3216 :
1161 3161 1305 3232 quod
1336 3163 1390 3216 in
1413 3179 1444 3216 v
1473 3163 1540 3217 ad
1569 3178 1841 3217 summum
1875 3165 2031 3218 annis

461 3255 514 3305 in
552 3254 745 3322 quavis
771 3254 1289 3309 enneadeeaeteride
1347 3255 1633 3324 contingit.
1685 3253 1761 3312 Ex
1814 3253 2029 3310 duobus

460 3341 736 3396 laterculis
766 3351 898 3396 rota
930 3343 1213 3411 subjectis,
1248 3345 1399 3412 prius
1438 3343 1646 3398 sinistri
1690 3359 1885 3399 versus
1916 3359 2031 3398 em-

460 3429 739 3484 bolimaos
779 3445 953 3486 annos
995 3440 1214 3487 notatos
1267 3433 1459 3499 habet;
1513 3433 1810 3488 secundum
1857 3449 2030 3489 annos

460 3522 597 3591 «‘ycli
629 3523 836 3579 lunaris
876 3523 1228 3579 Alexandrini
1257 3544 1268 3578 :
1299 3527 1458 3594 cujus
1487 3533 1715 3595 quartus
1743 3526 2031 3596 respondet

456 3630 601 3669 anno
644 3617 820 3684 primo
850 3617 986 3687 cycli
1031 3616 1240 3671 lunaris
1279 3617 1800 3686 undecuplantium;
1847 3619 1938 3687 qui
1975 3619 2030 3672 in

459 3704 618 3758 tertio
661 3719 826 3759 versu
877 3704 1227 3765 describitur.
1280 3708 1518 3771 Quartus
1562 3722 1754 3762 versus
1807 3715 2029 3776 epactas

456 3798 678 3852 lunares
706 3799 972 3860 continet,
1012 3799 1200 3868 quales
1228 3797 1495 3852 Maximus
1525 3799 1761 3854 adhibet.
1795 3799 2028 3866 Quintus

455 3897 510 3941 et
532 3896 844 3958 postremus
890 3891 1155 3944 terminos
1207 3888 1523 3954 Paschales,
1568 3891 1684 3946 sive
1732 3908 1843 3956 xlv,
1890 3909 2029 3962 quas

455 3994 597 4049 sape
624 3995 690 4033 xv
728 3989 1017 4034 numerant
1052 3981 1163 4046 illi;
1192 3982 1358 4036 semel
1381 3992 1558 4036 autem
1585 3999 1695 4048 xvv,
1736 3986 2028 4055 quinquies

455 4087 565 4125 xlv.
603 4070 949 4127 Laterculum
979 4071 1229 4126 dextrum
1261 4081 1433 4126 totum
1470 4071 1726 4128 Paschati
1757 4077 2028 4131 catholico

454 4162 657 4228 servit;
703 4176 828 4214 nam
877 4161 1173 4215 terminum
1222 4159 1564 4226 Paschalem,
1617 4164 1846 4233 ejusque
1883 4165 2028 4219 diem

454 4245 688 4307 Iulianis
725 4253 782 4307 in
818 4253 1098 4310 mensibus
1141 4252 1297 4307 oﬁ'ert
1338 4254 1393 4306 in
1441 4254 1703 4319 secundo,
1756 4271 1820 4309 ac
1867 4258 2028 4312 tertio

454 4357 650 4408 versu;
679 4354 901 4413 epactas
930 4345 988 4398 in
1020 4353 1256 4414 quarto;
1299 4345 1354 4399 in
1391 4346 1580 4415 quinto
1626 4347 1837 4416 cyclum
1873 4348 2028 4402 luna-

453 4449 592 4489 rem.
619 4432 940 4506 Regulares,
975 4438 1088 4491 sive
1115 4435 1410 4508 προσθεταὶ
1443 4437 1498 4490 in
1532 4438 1710 4505 primo
1743 4454 1851 4494 non
1889 4440 2029 4495 inte-

453 4541 565 4596 gra
597 4541 627 4580 a
661 4527 888 4582 librario
917 4526 1204 4598 descripta
1229 4537 1377 4584 sunt.
1970 4516 1979 4528 ’

525 4617 682 4674 Nunc
711 4635 869 4675 usum
889 4621 1128 4674 methodi
1154 4621 1398 4690 exemplo
1424 4637 1553 4686 uno,
1575 4623 1810 4678 alterove
1838 4628 2028 4680 docea-

453 4732 598 4772 mus.
636 4715 768 4771 Esto
800 4732 976 4772 annus
1008 4717 1119 4780 ille,
1155 4718 1248 4786 qui
1279 4717 1783 4773 enneadeeaeteridi
1817 4718 2024 4788 prima,

453 4810 568 4864 sive
592 4823 736 4863 anno
751 4810 926 4879 primo
953 4809 1090 4880 cycli
1113 4810 1308 4866 solaris
1341 4810 1396 4863 in
1425 4821 1620 4880 quarto
1643 4811 1807 4864 limbo
1839 4810 2027 4879 proxi-

452 4917 540 4955 me
580 4900 861 4970 subjectus
906 4908 989 4955 est
1023 4901 1079 4954 in
1137 4901 1304 4955 limbo
1340 4916 1373 4955 v
1395 4941 1411 4968 ,
1440 4923 1446 4930 -
1473 4902 1633 4971 cujus
1669 4903 1853 4972 cyclus
1893 4903 2024 4958 solis

450 4999 535 5046 est
569 5005 646 5054 ix,
680 4989 890 5044 lunaris
924 4990 1052 5043 item
1091 5004 1166 5044 ιι.
1201 4989 1444 5044 Primum
1485 4991 1824 5060 inquiramus
1846 5007 1910 5046 ex
1941 5009 2027 5047 ca-

451 5097 596 5136 none
625 5097 684 5136 ιιι
712 5080 908 5150 capitis
941 5081 1336 5145 antecedentis,
1375 5089 1576 5152 quotus
1609 5098 1788 5137 annus
1822 5083 1926 5138 iste
1953 5083 2026 5138 sit

451 5175 694 5243 computi
722 5171 918 5229 Graci.
952 5173 1295 5229 Inveniemus
1333 5190 1456 5230 esse
1478 5190 1680 5229 annum
1717 5175 1786 5229 ab
1814 5175 2024 5231 Adamo

452 5265 612 5330 5861,
643 5266 736 5335 qui
771 5281 868 5336 per
898 5265 969 5319 28
1002 5273 1057 5320 et
1098 5265 1164 5320 19
1202 5265 1437 5330 divisus,
1471 5267 1761 5336 utrobique
1787 5268 1820 5322 9
1851 5268 2022 5321 relin—

451 5359 590 5428 quit.
616 5359 815 5430 Cyclus
839 5358 1051 5412 lunaris
1077 5373 1132 5411 Ix
1159 5359 1644 5429 undecuplantium
1670 5367 1755 5413 est
1789 5358 2024 5412 Alexan-

451 5451 646 5506 drinus
688 5465 785 5514 xu,
824 5451 984 5521 cujus
1015 5449 1228 5504 decima
1271 5459 1464 5520 quarta
1505 5449 1785 5505 Paschalis
1831 5450 2023 5504 incidit

453 5543 509 5597 in
533 5558 587 5596 ιν
612 5542 838 5610 Aprilis,
863 5545 957 5612 qui
992 5552 1076 5598 est
1110 5542 1179 5596 91-
1211 5542 1328 5598 dies
1355 5559 1384 5595 a
1413 5541 1668 5596 Kalendis
1687 5540 1931 5594 Januarii
1965 5549 2023 5593 ut

451 5633 776 5688 laterculum
819 5634 1071 5689 dextrum
1105 5633 1344 5688 exhibet.
1390 5631 1562 5687 Porro
1592 5633 2022 5701 undecuplantes

451 5725 718 5777 decimam
767 5734 1018 5794 quartam
1053 5725 1200 5780 illius
1241 5726 1368 5779 anni
1401 5731 1721 5794 computant
1754 5722 2021 5777 decimam

452 5815 732 5879 quintam:
765 5817 907 5884 quod
950 5817 1006 5870 in
1036 5816 1264 5872 sinistro
1295 5816 1558 5871 laterculo
1584 5815 1766 5871 videre
1799 5814 1943 5880 licet,
1967 5819 2023 5867 et

2133 1975 2226 2029 illo
2274 1981 2400 2029 sunt
2446 1973 2498 2040 5,
2539 1988 2661 2042 qua
2709 1972 2775 2026 ad
2837 1980 3148 2027 menstruas
3199 1980 3422 2042 epactas
3455 1972 3659 2040 Aprilis
3698 1987 3716 2026 ι

2133 2067 2367 2130 addita,
2418 2075 2470 2119 et
2524 2064 2784 2118 ποσταίαν
2839 2063 3042 2134 Aprilis
3082 2062 3136 2124 4,
3187 2061 3481 2116 ostendunt
3520 2062 3716 2116 feriant

2133 2161 2362 2230 primam
2399 2157 2591 2212 eodem
2626 2157 2722 2210 illo
2754 2157 2840 2211 die
2873 2172 2927 2210 Iv
2964 2155 3209 2225 Aprilis:
3256 2152 3402 2223 quod
3447 2153 3610 2208 etiam
3645 2169 3718 2206 ex

2135 2248 2365 2304 canonis
2394 2263 2433 2300 ιι
2476 2248 2730 2301 doctrina
2773 2247 3068 2316 colligitur.
3104 2244 3316 2314 Quippe
3351 2243 3537 2314 cyclus
3580 2243 3717 2298 solis

2132 2338 2432 2402 Romanus,
2466 2339 2666 2394 additis
2693 2355 2805 2392 xvn
2840 2377 2854 2402 ,
2905 2337 3115 2392 exsistit
3138 2351 3265 2389 xxvr
3291 2354 3304 2402 ;
3335 2336 3545 2389 lunaris
3581 2349 3717 2389 vero

2135 2447 2233 2484 xu.
2265 2430 2467 2486 Littera
2495 2430 2851 2485 Dominicalis
2883 2428 3056 2484 estC.
3089 2427 3262 2498 igitur
3290 2441 3432 2482 anno
3469 2427 3583 2489 illo,
3616 2426 3717 2480 de-

2129 2523 2276 2576 cima
2307 2525 2497 2593 quinta
2526 2521 2809 2577 Paschalis
2843 2521 2899 2574 in
2934 2519 3272 2573 Dominicam
3299 2517 3440 2588 apud
3468 2516 3718 2571 undecu—

2133 2619 2346 2687 plantes
2401 2617 2621 2681 incidit;
2679 2629 2742 2668 ac
2779 2615 2909 2667 luna
2956 2627 3072 2666 xxtt
3123 2611 3332 2666 Pascha
3385 2610 3712 2664 celebratur.

2130 2707 2423 2778 Propterea
2457 2708 2672 2762 duobus
2702 2705 2922 2777 punctis
2944 2703 3220 2758 notandus
3248 2703 3349 2757 iste
3378 2717 3555 2755 annus
3587 2701 3712 2762 fuit,

2134 2815 2296 2870 quem
2332 2801 2378 2855 si
2414 2800 2659 2870 reperire
2686 2798 2824 2854 velis
2863 2803 3064 2866 quotus
3101 2794 3310 2864 periodi
3349 2792 3581 2847 Juliana
3623 2793 3714 2847 vel

2133 2890 2341 2944 Christi
2372 2889 2558 2954 fuerit,
2606 2903 2702 2958 per
2739 2901 3005 2941 canonem
3041 2901 3079 2939 ιι
3121 2884 3398 2954 expedies.
3445 2882 3581 2936 Nam
3613 2882 3714 2936 de-

2137 2983 2327 3036 tractis
2355 2980 2461 3034 795
2494 2979 2562 3034 de
2595 2978 2756 3040 5861,
2797 2978 3139 3044 relinquetur
3178 2989 3356 3028 anuus
3384 2972 3590 3042 periodi
3614 2971 3712 3026 Ju-

2135 3072 2292 3126 liana
2325 3071 2490 3134 5063,
2528 3071 2623 3141 qui
2663 3078 2746 3125 est
2785 3067 2995 3123 Christi
3023 3080 3243 3120 cccun.
3279 3065 3390 3119 Cur
3426 3073 3606 3118 autem
3642 3063 3710 3116 ad

2136 3165 2801 3234 ConstantinOpolitanum
2850 3166 3168 3229 computum
3229 3157 3416 3227 cyclus
3467 3156 3711 3208 undecu-

2132 3257 2398 3327 plantium
2427 3272 2456 3309 a
2485 3255 2644 3310 nobis
2685 3253 2979 3317 referatur,
3014 3263 3252 3319 sequens
3283 3254 3448 3317 caput
3480 3246 3711 3315 aperiet.

2201 3351 2416 3403 Rursus
2467 3356 2806 3417 proponatur
2858 3359 3037 3399 annus
3097 3343 3211 3406 ille,
3270 3341 3366 3412 qui
3412 3342 3466 3394 in
3521 3341 3713 3396 eadem

2132 3439 2308 3508 prima
2335 3436 2851 3493 enneadeeaeteride
2874 3435 3088 3506 cyclum
3118 3442 3229 3487 tam
3272 3433 3407 3488 solis
3432 3447 3596 3502 quam
3631 3433 3708 3484 lu-

2131 3545 2215 3584 na
2252 3546 2336 3584 xw
2385 3531 2568 3584 habet.
2618 3527 2718 3582 Hie
2755 3529 2859 3582 erit
2905 3541 3084 3580 annus
3122 3524 3708 3594 Constantinopolitani

2131 3621 2374 3691 computi
2408 3621 2549 3675 5868
2600 3635 2698 3689 per
2725 3632 2996 3672 canonem
3034 3633 3092 3670 ιιι
3141 3616 3340 3686 capitis
3385 3615 3707 3684 superioris.

2132 3712 2424 3766 Terminus
2474 3710 2758 3766 Paschalis
2800 3720 2884 3765 est
2935 3708 3140 3778 Aprilis
3181 3722 3318 3770 xvu,
3364 3720 3526 3775 quam
3566 3705 3706 3758 diem

2132 3812 2340 3859 sextam
2367 3803 2633 3858 decimam
2664 3817 2760 3873 pro
2791 3817 2885 3855 xtv
2913 3807 3235 3870 computant
3259 3797 3706 3867 undecuplantes,

2131 3902 2191 3948 ut
2233 3903 2317 3949 est
2349 3894 2402 3948 in
2439 3893 2668 3948 sinistro
2711 3893 2996 3948 laterculo.
3032 3891 3397 3961 Experiamur
3425 3905 3522 3958 per
3555 3903 3705 3944 scru-

2133 3986 2400 4055 pulariam
2440 3985 2780 4040 methodum.
2821 3985 3023 4055 Cyclus
3062 3984 3197 4039 solis
3228 4000 3316 4038 xvr
3352 3983 3407 4036 in
3454 3989 3705 4049 computo

2131 4076 2763 4146 Constantinopolitano,
2803 4083 2887 4130 est
2920 4075 3203 4128 Romanus
3243 4090 3275 4126 v
3309 4089 3407 4143 per
3440 4087 3705 4126 canonem

2129 4183 2192 4223 ιι.
2243 4168 2384 4239 Ergo
2429 4183 2607 4224 annus
2640 4175 2724 4222 est
2757 4167 3045 4222 bisextilis.
3099 4164 3223 4221 ideo
3267 4181 3300 4218 a
3329 4164 3586 4220 Kalendis
3616 4162 3704 4217 Ja-

2131 4259 2310 4312 nuarii
2341 4267 2702 4313 numerantur
2733 4259 2850 4315 dies
2887 4259 3009 4324 108,
3047 4274 3155 4313 non
3185 4259 3304 4312 107.
3335 4256 3524 4311 Ductis
3549 4254 3614 4309 16
3652 4255 3704 4308 in

2133 4352 2194 4405 11
2244 4354 2380 4405 ﬁunt
2425 4351 2541 4406 dies
2588 4350 2710 4416 176,
2757 4351 2848 4420 qui
2893 4366 3019 4404 cum
3067 4350 3171 4404 108
3214 4349 3345 4403 dant
3388 4347 3514 4412 284;
3553 4361 3702 4401 scru-

2131 4442 2280 4514 pula'
2311 4443 2413 4496 108
2482 4457 2606 4496 eum
2660 4444 2749 4506 90,
2807 4458 2928 4512 qua
2973 4443 3302 4512 colliguntur
3355 4441 3538 4494 ductis
3572 4439 3606 4493 5
3649 4439 3702 4491 in

2055 4549 2104 4607 ι)
2131 4535 2221 4597 16,
2252 4533 2493 4589 efﬁciunt
2533 4535 2650 4589 dies
2679 4534 2746 4601 3;
2785 4545 2838 4589 et
2880 4543 3140 4604 praterea
3188 4533 3556 4602 sexagesimas
3600 4529 3700 4583 17:

2133 4625 2332 4694 quibus
2362 4625 2643 4694 neglectis,
2691 4634 2745 4678 et
2793 4626 3005 4695 adjecto
3059 4625 3239 4679 triduo
3286 4624 3352 4677 ad
3407 4623 3527 4677 dies
3574 4621 3701 4684 284,

2131 4732 2457 4785 summaque
2509 4713 2614 4770 287
2660 4733 2758 4788 per
2809 4718 2879 4772 50
2931 4717 3258 4779 distributa,
3319 4717 3705 4784 relinquuntur

2130 4808 2248 4864 dies
2276 4809 2363 4863 17.
2405 4807 2640 4864 Proinde
2679 4810 2882 4879 Aprilis
2915 4826 3026 4864 xvn
3061 4811 3187 4865 luna
3229 4817 3346 4863 erat
3377 4807 3590 4862 decima
3617 4822 3704 4861 se-

2129 4900 2318 4969 ptima.
2349 4899 2582 4970 Propter
2614 4902 2915 4956 bisextilem
2953 4902 3134 4971 itaque
3170 4899 3346 4963 diem,
3377 4900 3644 4952 terminus
3670 4911 3700 4949 a

2128 5007 2238 5046 xvn
2290 4993 2378 5048 die
2405 4993 2607 5064 Aprilis
2633 4992 2698 5046 ad
2738 5011 2824 5048 xvi
2858 4993 3238 5048 retrahebatur
3264 5011 3276 5045 :
3310 5006 3432 5061 qua
3458 5005 3582 5044 cum
3611 5004 3700 5044 es—

2128 5092 2209 5139 set
2237 5083 2432 5149 feriat,
2462 5083 2668 5139 Pascha
2703 5086 2757 5138 in
2789 5100 2926 5139 xxm
2952 5085 3093 5140 diem
3123 5083 3548 5146 diﬁ'undebatur,
3579 5095 3701 5151 qua

2125 5181 2244 5227 erat
2275 5174 2401 5227 luna
2434 5190 2590 5237 xxm,
2635 5175 2701 5228 de
2723 5189 2830 5244 qua
2863 5189 2924 5228 re
2973 5174 3109 5227 nihil
3147 5188 3248 5228 nos
3291 5172 3562 5225 Maximus
3599 5173 3698 5224 do-

2126 5262 2238 5316 cuit
2260 5279 2272 5312 :
2294 5264 2386 5332 qui
2420 5263 2688 5318 bisextilis
2737 5265 2843 5318 diei
2884 5264 3150 5317 rationem
3180 5263 3303 5318 illos
3331 5263 3533 5316 habere
3563 5261 3702 5314 scri-

2125 5354 2269 5424 psit;
2315 5361 2370 5408 et
2399 5355 2614 5425 quoties
2649 5362 2869 5424 propter
2895 5355 3075 5424 ipsum
3114 5353 3382 5407 terminus
3425 5353 3481 5405 in
3512 5352 3695 5404 lunam

2126 5461 2194 5498 xv
2223 5445 2456 5498 incurrit
2494 5445 2627 5500 feria
2669 5446 2865 5516 prima,
2911 5446 3059 5500 hunc
3099 5459 3302 5498 annum
3346 5458 3458 5497 uno
3494 5448 3696 5512 puncto

2124 5537 2328 5591 notari.
2363 5535 2522 5601 Nam,
2565 5552 2689 5590 cum
2733 5538 2861 5590 luna
2895 5545 2980 5590 est
3020 5552 3132 5600 va,
3157 5550 3486 5606 quacunque
3533 5533 3585 5588 id
3633 5549 3696 5587 ex

2125 5644 2293 5685 causa
2324 5631 2437 5693 ﬁat,
2466 5631 2664 5700 triplici
2695 5640 2896 5699 puncto
2921 5631 3255 5700 designatur.
3289 5629 3470 5695 Quare
3500 5627 3695 5697 triplex

2124 5728 2386 5791 punctum
2419 5735 2563 5774 anno
2595 5723 2668 5774 illi
2705 5723 3058 5777 tribuendum
3082 5729 3219 5776 erat.

2074 5851 2125 5859 ..
2200 5811 2280 5866 Ex
2320 5811 2403 5866 bis
2460 5813 2682 5868 evidens
2737 5821 2820 5868 est
2867 5811 3550 5880 hallucinatioScaligeri,
3604 5807 3695 5878 qui
