4070 6406
398 407 537 462 1457

1434 405 1897 460 DlSSERTATiO
1930 405 2015 459 DE
2053 402 2465 460 GRAECORUM
2502 403 2703 458 JEIKIS.

3514 407 3651 458 “58

396 519 876 590 undecuplantium
908 518 1056 573 illum
1089 519 1301 590 cyclum
1342 520 1621 594 explicans
1652 520 1768 588 (lib.
1812 537 1849 572 ιι
1904 518 1980 572 De
2010 524 2055 579 Α
2085 517 2361 587 congruit.
2409 517 2689 588 Siquidem
2728 530 2904 572 annus
2932 515 3142 586 primus
3172 529 3294 570 aera:
3329 513 3651 572 Christianae

394 611 646 679 emend.'),
671 612 866 666 asserit
894 627 1012 676 eos,
1035 613 1252 680 quoties
1280 612 1490 666 decima
1523 620 1724 682 quarta
1743 610 1980 667 Pascha-

395 704 462 760 lis
491 704 787 774 putabatur
816 703 1028 757 decima
1063 711 1239 765 sexta,
1275 704 1320 780 si
1351 704 1406 757 in
1453 703 1751 759 secundam
1787 703 1976 757 feriam

394 797 736 859 incurreret,
797 794 1155 849 antecedente
1219 794 1502 848 Dominica
1559 794 1768 850 Pascha
1833 793 1976 848 cele-

397 889 608 954 brasse,
639 888 769 942 luna
799 887 1042 956 ipsorum
1078 903 1168 949 xv,
1199 887 1421 944 Nicaena
1449 903 1570 952 xm,
1597 890 1739 958 quod
1764 895 1849 941 est
1877 885 1978 940 fal-

399 981 679 1034 sissimum
702 997 716 1045 ;
737 990 791 1033 et
816 978 1152 1034 contrarium
1183 979 1389 1034 diserte
1414 979 1685 1035 Maximus
1717 979 1976 1044 aliirmat;

399 1061 655 1123 nimii-um
687 1069 816 1122 luna
847 1069 998 1139 ipsos
1031 1083 1168 1134 χιιι,
1199 1076 1252 1123 et
1283 1069 1472 1124 eodem
1501 1069 1609 1136 die,
1644 1083 1752 1139 quo
1777 1067 1976 1122 Catho-

400 1161 557 1221 licos,
589 1159 799 1213 Pascha
837 1175 996 1214 suum
1026 1159 1262 1225 obiisse;
1300 1161 1396 1216 sed
1434 1160 1746 1216 Catholicos
1791 1162 1976 1216 lunam

400 1268 470 1306 xx
505 1267 844 1312 numerasse,
877 1265 1041 1320 quam
1090 1251 1181 1305 isti
1213 1251 1380 1305 biduo
1416 1254 1650 1321 amplius
1692 1253 1974 1322 putabant.

397 1343 533 1398 Cum
590 1354 771 1398 autem
823 1343 951 1397 luna
1007 1358 1098 1397 xvr
1146 1343 1202 1397 in
1249 1342 1586 1399 Dominicam
1642 1345 1974 1410 incurrebat,

398 1435 619 1504 utrique
646 1437 702 1489 in
743 1447 1060 1504 sequentem
1109 1436 1445 1490 Dominicam
1476 1435 1686 1492 Pascha
1713 1451 1976 1507 proroga-

397 1527 560 1587 bant;
611 1542 770 1596 quam
826 1529 1260 1598 undecuplantes
1312 1529 1494 1582 lunam
1545 1544 1668 1585 esse
1721 1529 1974 1584 volebant

399 1633 560 1683 xxm,
590 1618 858 1673 Catholici
892 1636 1005 1672 xxi.

994 1774 1227 1831 CAPUT
1262 1773 1378 1832 XV.

404 1883 854 1956 Undecuplatores
893 1886 1015 1956 illos
1054 1885 1116 1939 de
1145 1884 1332 1956 quibus
1382 1885 1487 1954 agit
1521 1883 1809 1956 Matrimus,
1846 1899 1976 1956 usos

466 1973 577 2011 esse
607 1953 849 2025 computo
880 1953 1489 2024 Constantinopolitano,
1515 1966 1562 2008 et
1603 1953 1856 2025 Victorini
1885 1969 1976 2006 seu

371 2027 374 2031 ’
467 2024 781 2080 Latinorum
810 2027 1069 2088 metltodo,
1095 2029 1172 2079 ita
1211 2040 1384 2079 tamen
1421 2036 1478 2078 ut
1521 2043 1554 2078 a
1585 2024 1976 2078 Catholicorum

469 2099 710 2151 instituto
746 2114 848 2150 non
890 2097 1250 2160 abhorrerent,
1295 2106 1475 2150 contra
1503 2111 1660 2164 quam
1703 2093 1975 2147 Maximus

465 2179 514 2221 et
543 2168 785 2237 Scaliger
807 2166 1054 2220 arbitrati
1081 2177 1223 2220 sunt.

471 2301 606 2354 Dum
639 2301 902 2355 attentius
923 2315 987 2354 ea
1019 2305 1449 2369 perscrutamur,
1488 2311 1609 2367 quae
1632 2297 1699 2351 de
1728 2295 1972 2350 undecu-

397 2392 700 2463 platoribus
723 2393 848 2447 istis
877 2390 1146 2446 Maximus
1175 2389 1360 2453 refert;
1390 2389 1534 2444 haud
1557 2389 1798 2459 vulgaria
1828 2402 1978 2457 qua:-

395 2487 519 2540 dam
572 2483 1090 2550 animadvertimus;
1121 2499 1296 2553 neque
1330 2481 1586 2545 Maximo,
1621 2489 1680 2534 ut
1714 2487 1973 2550 apparet,

399 2577 503 2646 ipsi
537 2578 793 2648 cognita;
829 2593 1006 2648 neque
1057 2575 1361 2645 Scaligero,
1404 2574 1496 2643 qui
1539 2573 1832 2626 Maximum
1877 2587 1975 2626 ex-

395 2671 596 2742 plicare
628 2677 860 2726 conatus
898 2678 982 2726 est
1027 2689 1040 2724 :
1091 2679 1146 2724 et
1187 2669 1251 2722 ad
1280 2667 1529 2723 Graecum
1559 2674 1873 2737 computum
1912 2667 1979 2720 il-

396 2762 736 2818 lustrandum
766 2761 1033 2830 imprimis
1067 2762 1238 2816 utilia.
1270 2760 1382 2815 lloc
1405 2759 1573 2830 igitur
1594 2759 1978 2816 observatione

389 2856 579 2912 sedula
615 2855 981 2924 comperimus
1011 2875 1023 2909 :
1057 2854 1518 2923 undecuplatores
1557 2853 1682 2907 illos
1721 2860 1978 2908 auctores

396 2948 567 3003 fuisse
596 2947 839 3016 computi
882 2946 1112 3001 alterius
1140 2943 1440 3009 eduobus,
1469 2957 1630 3013 quem
1661 2941 1976 2997 Constanti-

393 3039 771 3108 nupolitanum
816 3037 1258 3103 nominavimus;
1321 3036 1414 3108 qui
1470 3050 1596 3091 terte
1651 3033 1977 3089 Christiana:

394 3131 631 3200 primum
683 3145 886 3184 annum
935 3129 1094 3184 oﬂ'ert
1140 3129 1196 3183 in
1253 3143 1340 3191 eo,
1392 3129 1484 3198 qui
1519 3134 1604 3182 est
1653 3126 1720 3181 ab
1769 3125 1976 3179 Adamo

2006 1856 2051 1916 Β

393 3221 570 3278 5509:
604 3222 748 3293 quod
783 3222 978 3292 partim
1009 3238 1076 3276 ex
1106 3221 1276 3292 eyelis
1307 3221 1440 3276 solis
1473 3231 1526 3275 et
1555 3221 1696 3273 lunae
1723 3259 1738 3282 ,
1774 3217 1972 3288 partim
2001 3206 2044 3264 C

394 3331 468 3370 ex
487 3329 752 3368 annorum
788 3327 1014 3368 numero
1045 3323 1195 3368 certo
1223 3313 1520 3383 colligitur.
1569 3311 1773 3366 Scribit
1802 3310 1975 3364 Maxi-

394 3425 516 3463 mus
548 3408 725 3476 capite
748 3406 817 3460 Xl
849 3405 1099 3477 partisJ,
1130 3408 1342 3477 cyclum
1369 3407 1530 3470 lunae,
1565 3421 1726 3476 quem
1762 3406 1838 3459 illi
1871 3421 1973 3459 nu-

395 3508 606 3556 merant
633 3516 714 3563 m,
753 3515 876 3555 eum
915 3514 1037 3554 esse
1069 3513 1230 3568 quem
1261 3498 1376 3567 ipse
1412 3506 1696 3566 computat
1727 3513 1855 3560 xiv;
1891 3497 1974 3550 lu-

393 3597 545 3649 naris
600 3594 787 3661 cyclus
839 3590 1058 3645 Maximi
1102 3591 1245 3645 idem
1296 3598 1380 3646 est
1422 3605 1547 3644 cum
1594 3589 1862 3654 Romano,
1916 3599 1975 3643 ut

395 3699 562 3754 supra
594 3683 1110 3739 demonstravimus.
1142 3680 1310 3752 Igitur
1337 3682 1525 3752 cyclus
1557 3681 1765 3750 primus
1802 3679 1973 3734 unde-

397 3777 738 3846 cuplatorum
777 3784 863 3830 est
906 3773 1210 3839 Romanus.
1246 3775 1330 3829 vel
1362 3774 1576 3828 Maximi
1621 3783 1878 3843 quartus;
1918 3782 1973 3826 et

394 3867 606 3937 primus
636 3867 856 3921 Maximi
897 3873 982 3921 est
1021 3867 1267 3921 decimus
1299 3866 1564 3936 septimus
1591 3866 1829 3920 illormn.
1866 3864 1971 3934 lgi-

393 3966 484 4012 tur
527 3961 717 4030 cyclus
763 3958 974 4013 lunaris
1018 3958 1512 4028 undecuplatorum
1558 3969 1641 4013 est
1675 3958 1814 4013 idem
1845 3973 1971 4012 cum

391 4047 728 4112 Iudaeorum,
787 4063 852 4102 ac
900 4046 1188 4111 Victorini,
1240 4064 1335 4104 seu
1391 4047 1708 4102 Latinorum
1763 4049 1967 4120 cyclo:

392 4157 553 4212 quem
583 4157 706 4196 esse
736 4139 1026 4195 docuimus
1050 4156 1172 4195 aera:
1192 4140 1813 4210 Constantinopolitanae
1845 4156 1966 4210 pro-

393 4232 592 4301 prium.
623 4231 817 4285 Annus
861 4230 1074 4300 primus
1123 4245 1264 4291 aera:
1291 4229 1620 4285 Christianae
1665 4230 1967 4285 Romanum

392 4323 607 4392 'eyclum
647 4320 856 4382 habuit,
893 4321 1026 4375 solis
1063 4336 1116 4386 ι,
1152 4321 1295 4374 luna:
1338 4335 1395 4373 ιι.
1443 4322 1635 4374 Annus
1688 4321 1828 4374 5509
1876 4321 1968 4374 dat

393 4412 604 4483 cyclum
636 4410 769 4465 solis
797 4425 911 4477 xxI,
939 4411 1079 4465 lunae
1113 4426 1266 4464 xvm.
1302 4410 1496 4465 Annus
1527 4427 1656 4465 vero
1687 4411 1846 4475 5495,
1879 4428 1969 4468 so-

391 4502 460 4558 lis
484 4518 537 4566 v,
587 4501 730 4555 luna:
762 4515 824 4555 ιι.
866 4499 942 4554 Ita
994 4501 1206 4556 lunaris
1235 4501 1422 4571 cyclus
1467 4500 1966 4570 Constantinopoli-

391 4593 502 4646 tani
559 4593 799 4663 computi
851 4588 1021 4647 di'stat
1078 4608 1110 4645 a
1174 4591 1424 4647 Romano
1477 4601 1531 4647 et
1575 4591 1964 4657 Alexandrino,

392 4701 551 4754 quem
588 4684 855 4739 Maximus
901 4692 1153 4754 usurpat,
1187 4684 1462 4749 sedecim;
1495 4685 1570 4738 ita
1616 4693 1674 4738 ut
1722 4685 1966 4741 decimus

392 4780 658 4849 septimus
708 4777 1357 4847 Constantinopolitanus
1414 4792 1539 4832 cum
1597 4777 1966 4832 Alexandrino

391 4872 568 4941 primo
600 4879 914 4926 concurrat.
942 4870 1143 4941 Cyclus
1181 4885 1313 4925 vero
1343 4870 1540 4925 solaris
1576 4869 1966 4925 Constantino-

389 4962 664 5032 politanus
713 4961 1083 5016 Alexandrino
1132 4961 1311 5014 minor
1356 4969 1440 5015 est
1492 4959 1820 5025 duodecim,
1863 4963 1965 5017 hoc

389 5061 474 5108 est
502 5054 713 5123 primus
753 5053 920 5118 illius,
953 5052 1118 5121 hujus
1155 5059 1238 5107 est
1264 5052 1511 5106 decimus
1544 5055 1758 5108 tertius.
1785 5053 1964 5120 Quare

389 5161 514 5200 cum
564 5145 703 5216 cycli
738 5143 1092 5198 Alexandrini
1133 5143 1330 5198 solaris
1368 5145 1580 5213 primus
1629 5145 1700 5198 sit
1732 5143 1960 5198 Romani

392 5243 604 5300 sextus,
647 5234 1236 5304 Constantinopolitani
1266 5234 1403 5304 cycli
1438 5234 1647 5305 primus
1688 5235 1792 5288 erit
1815 5245 1963 5288 octa-

391 5343 492 5381 vus
515 5327 764 5381 decimus
791 5326 1020 5380 Romani
1053 5344 1067 5392 ;
1099 5342 1219 5396 qua:
1245 5328 1430 5381 omnia
1475 5325 1960 5395 undecuplatorum

391 5418 546 5488 cyclo
593 5409 931 5486 eonnpetunt,
968 5427 1028 5472 ut
1053 5419 1276 5472 minime
1315 5416 1536 5471 dubium
1578 5417 1650 5473 sit
1696 5417 1964 5472 Constan-

351 5501 362 5508 ’
391 5509 811 5578 tinopolitanum
845 5516 1160 5578 computum
1190 5509 1312 5564 illos
1349 5509 1608 5563 tenuisse.

461 5639 730 5696 Praeterea
763 5642 906 5712 quod
933 5641 1201 5695 Maximus
1225 5642 1320 5703 ait,
1349 5640 1416 5694 ad
1447 5655 1620 5696 annos
1648 5640 1840 5695 Adami
1866 5641 1961 5695 ad-

389 5729 598 5784 didisse
634 5730 758 5785 illos
805 5730 1065 5794 sedecim,
1106 5731 1478 5799 conjecturam
1514 5738 1755 5785 nostram
1800 5731 1959 5785 unice

393 5822 699 5880 conﬁrmat.
732 5822 845 5880 lloc
879 5823 1023 5880 enim
1068 5823 1959 5894 Constantinopolitanocomputo

2000 4545 2042 4598 D

2080 611 2134 663 in
2168 609 2537 664 Alexandrino
2563 616 2880 666 numeratur
2902 608 3041 662 5495
3065 625 3079 673 ;
3114 608 3168 661 in
3193 607 3653 679 Constantinopo-

2080 701 2272 767 litano,
2316 701 2477 756 5509.
2513 699 2861 754 Intervallum
2895 701 3021 756 anni
3061 717 3172 756 xvr.
3218 699 3358 755 Hinc
3386 701 3548 756 etiam
3587 703 3655 756 il-

2080 793 2170 846 lud
2209 801 2458 864 apparet,
2495 809 2678 848 verum
2713 793 2767 847 id
2799 809 2922 848 esse
2951 792 3096 863 quod
3141 803 3263 848 ante
3302 809 3492 849 sumus
3521 794 3655 848 odo-

2078 885 2206 948 rati,
2244 900 2408 954 quam
2453 885 2520 940 de
2554 883 3044 954 undecuplatorum
3081 885 3234 956 cyclo
3264 884 3358 939 illo
3386 884 3654 955 cogitare-

2080 994 2221 1041 mus,
2247 977 2908 1048 Constantinopolitanum
2933 985 3246 1047 computum
3274 977 3341 1032 ad
3362 976 3653 1043 Victorini,

2080 1069 2195 1124 sive
2224 1067 2544 1125 Latinorum
2579 1069 2915 1134 methodum,
2944 1077 2998 1124 et
3025 1068 3310 1124 Judaicum
3334 1071 3545 1140 cyclum
3573 1071 3654 1124 lu-

2079 1177 2267 1217 narem
2306 1162 2773 1216 accommodatum
2812 1176 2842 1215 a
2886 1161 3089 1217 Graecis
3120 1161 3306 1217 fuisse.
3338 1161 3473 1217 Cum
3507 1164 3654 1218 enim

2081 1253 2295 1308 lunaris
2325 1253 2428 1308 hoc
2463 1254 2650 1324 cyclus
2685 1253 2803 1322 ipse
2837 1253 3148 1323 persuadet,
3174 1262 3288 1308 tum
3322 1254 3466 1324 quod
3499 1269 3529 1308 a
3557 1254 3653 1309 Ja-

2079 1346 2260 1399 nuarii
2298 1344 2556 1399 Kalendis
2587 1345 2873 1399 ratiocinia
2899 1345 3042 1398 luna:
3075 1345 3436 1409 deducerent,
3479 1354 3539 1400 ut
3573 1355 3656 1400 te-

2081 1445 2259 1492 statur
2291 1436 2556 1491 Maximus
2584 1455 2597 1490 :
2625 1436 2770 1506 quod
2804 1443 2858 1490 et
2903 1435 3124 1492 Latinos
3172 1437 3476 1494 instituisse
3511 1438 3656 1493 Beda

2078 1535 2346 1581 memorat
2405 1527 2502 1582 lib.
2550 1526 2627 1580 De
2689 1536 2978 1595 temporum
3024 1527 3228 1580 ratione
3272 1543 3392 1598 cap.
3441 1527 3655 1593 LlV,et

2079 1617 2390 1674 Victorinus
2432 1621 2548 1690 ipse
2581 1618 2635 1673 in
2666 1617 2990 1675 Praefatione
3019 1620 3087 1674 ad
3135 1619 3398 1675 Hilarium
3431 1637 3648 1692 papam,

2079 1724 2242 1780 quam
2275 1711 2330 1764 in
2375 1721 2520 1765 Iomo
2549 1710 2592 1764 ll
2623 1709 2700 1764 De
2730 1709 2972 1763 doctrina
3007 1720 3294 1779 temporum
3349 1712 3650 1776 edidimus;

2080 1803 2220 1856 adeo
2257 1809 2317 1855 ut
2362 1801 2618 1856 Kalendae
2657 1800 2932 1856 Ianuariae
2965 1817 3140 1856 canon
3184 1801 3654 1861 fueritPaschalis

2081 1893 2332 1964 syzygiaa.
2365 1892 2591 1948 Accedit
2617 1900 2670 1948 et
2711 1894 2899 1964 cyclus
2931 1895 3067 1963 ipse,
3101 1910 3211 1965 quo
3246 1896 3330 1949 nsi
3378 1897 3455 1950 illi
3499 1905 3651 1961 sunt,

2079 1998 2347 2038 annorum
2397 1999 2603 2047 nxxxn,
2651 1985 2810 2054 cujus
2871 1985 3120 2040 inventor
3177 1985 3279 2041 fuit
3311 1985 3652 2046 Victorinus.

2079 2073 2236 2129 Unde
2270 2075 2569 2130 verisimile
2616 2075 2672 2130 ﬁt
2717 2091 2746 2128 a
2794 2075 3004 2131 Latinis
3045 2085 3215 2132 totum
3267 2079 3400 2134 illud
3432 2079 3654 2140 Graecos

2078 2181 2202 2221 esse
2230 2174 2506 2222 mutuatos
2548 2166 2650 2220 sub
2685 2174 2898 2220 aetatem
2951 2167 3188 2223 Maximi.
3228 2168 3305 2224 Ex
3335 2187 3443 2241 quo
3471 2183 3524 2227 et
3549 2175 3652 2230 hoc

2079 2257 2325 2327 πόρισμα
2376 2273 2652 2326 sequnur,
2711 2265 2859 2312 recte
2914 2274 3015 2314 nos
3072 2268 3264 2315 contra
3313 2260 3650 2334 Scaligerum

2080 2349 2442 2417 pertendisse,
2466 2348 3134 2420 Constantinopolitanam
3157 2367 3320 2406 teram
3347 2353 3505 2423 longe
3527 2371 3652 2411 esse

2080 2443 2465 2508 recentiorem,
2494 2458 2656 2512 quam
2691 2451 2785 2496 aut
2818 2441 3088 2498 Panodori
3118 2459 3382 2501 annorum
3419 2447 3558 2502 5492
3582 2449 3650 2502 ad

2081 2532 2358 2588 Christum
2425 2549 2634 2603 usque,
2695 2541 2791 2588 aut
2845 2533 3088 2590 Africani
3157 2551 3423 2590 annorum
3488 2539 3647 2594 5500.

2079 2623 2290 2694 Quippe
2333 2623 2603 2680 Maximus
2647 2625 2726 2680 sic
2755 2627 2822 2680 de
2851 2627 3321 2696 computatoribus
3358 2628 3527 2694 hisce,
3555 2628 3648 2698 qui

2079 2731 2168 2768 xvr
2199 2713 2266 2768 ad
2294 2729 2458 2770 atram
2500 2713 2692 2768 Adami
2729 2713 3069 2784 adjecerunt,
3095 2717 3252 2786 quasi
3279 2717 3346 2772 de
3382 2720 3648 2774 recentio-

2079 2806 2232 2860 ribus
2255 2813 2310 2860 et
2339 2806 2639 2875 aequalibus
2669 2821 2806 2876 pene
2836 2807 2974 2873 suis,
3004 2808 3249 2878 loquitur

2151 2899 2282 2964 Qua:
2315 2913 2438 2952 cum
2479 2898 2552 2953 ita
2595 2899 2738 2962 sint,
2779 2897 2848 2953 de
2889 2898 3405 2968 undecuplatoribus
3436 2902 3556 2957 istis
3585 2917 3647 2957 ea

2081 2989 2426 3060 intelligenda
2464 2998 2593 3046 sunt
2624 2991 2807 3045 omnia
2829 3029 2844 3052 ,
2879 3007 3002 3061 qua:
3033 2993 3213 3062 capite
3251 2996 3410 3048 tertio
3441 2995 3508 3050 de
3539 3010 3646 3050 aera

2078 3082 2677 3153 Constantinopolitana
2717 3083 3079 3154 scripsimus;
3119 3085 3498 3158 imprimisque
3567 3089 3647 3147 sic

2079 3177 2202 3232 illos
2239 3192 2269 3230 a
2306 3175 2547 3243 Latinis,
2590 3185 2685 3231 aut
2719 3175 2922 3233 Judaeis
2961 3178 3209 3234 lunarem
3263 3180 3478 3251 cyclum
3516 3196 3645 3236 mu.-

2077 3275 2255 3324 tuatos
2285 3283 2442 3332 esse,
2477 3279 2539 3322 ut
2575 3283 2764 3323 eorum
2801 3269 2856 3322 in
2890 3268 3154 3324 Paschate
3189 3271 3516 3325 celebrando
3551 3287 3642 3327 ne-

2075 3375 2348 3431 quaquam
2391 3359 2739 3415 imitarentur
2769 3375 3020 3424 errores,
3057 3362 3151 3416 sed
3190 3376 3314 3416 cum
3345 3362 3642 3419 Catholicis

2075 3452 2326 3509 eumdem
2361 3451 2502 3506 diem
2541 3452 2888 3508 obtinerent:
2932 3453 3036 3508 hoc
3073 3469 3184 3508 uno
3221 3453 3602 3524 discrepantes
3625 3495 3640 3518 ,

2074 3546 2217 3615 quod
2259 3543 2616 3614 epilogismos
2655 3543 3105 3609 neomeniarum,
3160 3544 3244 3598 vel
3283 3544 3640 3599 tet-minorum

2074 3635 2230 3690 aliter
2263 3634 2635 3690 instituerent.
2668 3634 2748 3688 Ac
2776 3634 3065 3690 vehemens
3094 3642 3177 3690 est
3211 3633 3486 3704 suspicio,
3519 3635 3638 3688 illos

2073 3725 2311 3780 methodi
2354 3732 2568 3779 tantum
2606 3724 2816 3794 gratia,
2855 3731 2908 3779 et
2945 3733 3004 3778 ut
3036 3725 3302 3780 veriorem
3347 3727 3488 3780 luna:
3526 3728 3637 3782 cal-

2073 3817 2257 3870 culum
2300 3823 2747 3886 assequerentur.
2789 3815 3187 3884 scrupulariam
3225 3815 3386 3870 istam
3424 3815 3638 3869 ratiun-

2072 3909 2250 3961 culam
2297 3907 2636 3977 adjunxisse.
2671 3905 2806 3960 Nam
2842 3921 2968 3961 cum
3005 3921 3041 3960 a
3069 3906 3435 3971 Jndzeis,.aut
3468 3915 3636 3962 astro-

2071 4001 2302 4056 nomicis
2332 3999 2535 4054 tabulis
2565 3999 2960 4069 intelligerent,
2988 3999 3266 4054 novilunia
3288 3996 3636 4053 Paschalihus

2071 4105 2192 4144 esse
2233 4089 2534 4144 neomeniis
2577 4089 2888 4153 anteriora,
2940 4089 3020 4143 sic
3068 4097 3128 4142 ut
3171 4103 3248 4142 ea:
3294 4087 3349 4141 in
3391 4088 3635 4142 lunarem

2070 4180 2265 4248 φάσιν,
2297 4180 2399 4234 hoc
2423 4187 2508 4234 est
2541 4178 2833 4234 secundam
2865 4179 3048 4232 lunam
3084 4177 3387 4232 inciderent
3413 4195 3428 4243 ;
3454 4187 3510 4233 et
3527 4186 3633 4234 ter-

2069 4271 2242 4336 mini,
2276 4271 2392 4327 sive
2416 4280 2625 4341 quartae
2655 4271 2881 4326 decimaa
2914 4271 2970 4324 in
3004 4270 3302 4339 plenilunia
3338 4268 3450 4324 fere
3483 4270 3633 4325 cade-

2071 4369 2194 4417 rent
2220 4382 2232 4418 :
2263 4362 2407 4432 quod
2435 4362 2654 4416 Maximi
2679 4362 2879 4417 saeculo
2908 4361 3250 4431 potissimum
3291 4361 3631 4416 animadver-

2070 4469 2188 4508 sum
2231 4462 2353 4507 est:
2392 4453 2656 4507 rationem
2692 4453 2930 4522 aliquam
2971 4452 3108 4506 inire
3129 4452 3486 4520 studuerunt;
3517 4469 3632 4524 qua'

2072 4551 2286 4597 aetatem
2311 4544 2456 4597 lunae
2479 4543 2794 4598 accuratius
2815 4543 3085 4607 redderet,
3104 4558 3333 4612 quaeque
3351 4545 3632 4611 terminos,

2070 4636 2186 4690 sive
2210 4635 2458 4690 Niczenas
2477 4644 2703 4705 quartas
2727 4634 2998 4698 decimas,
3027 4636 3082 4689 in
3103 4636 3328 4705 quintas
3361 4635 3630 4694 decimas.

2069 4725 2377 4795 cujusmodi
2403 4725 2514 4780 fere
2534 4733 2649 4778 tum
2677 4733 2869 4790 erant,
2893 4735 3277 4783 commutaret.
3301 4728 3383 4782 Ad
3407 4729 3459 4783 id
3483 4745 3612 4784 sexa

2067 4818 2403 4888 gesimarum
2424 4818 2775 4888 epilogismos
2793 4819 3089 4873 commenti
3112 4829 3240 4875 sunt
3263 4821 3381 4890 ;qui
3401 4837 3512 4875 uno
3527 4822 3630 4876 die.

2066 4908 2149 4962 vel
2180 4907 2349 4962 biduo
2389 4922 2658 4962 summam
2695 4915 2978 4978 augerent.
3038 4907 3112 4964 De
3150 4909 3253 4964 hac
3293 4909 3635 4979 μεταπτώσεε

2067 4999 2510 5060 noviluniorum,
2567 5015 2630 5053 ac
2681 5001 3088 5054 neomeniarum
3134 4999 3480 5056 Paschalium
3519 5000 3638 5058 {usu

2065 5091 2466 5160 disputavimus
2499 5091 2554 5144 in
2583 5089 2622 5144 V
2654 5090 2724 5144 De
2755 5089 2995 5144 doctrina
3017 5101 3339 5161 temporum,
3395 5095 3574 5163 capite
3615 5093 3625 5126 ‘

2063 5189 2117 5236 et
2145 5180 2387 5243 Xlll,ubi
2409 5179 2659 5235 Nicmnas
2693 5196 2816 5234 cum
2855 5183 2920 5236 iis
2957 5183 3315 5246 contulimus,
3348 5199 3470 5251 qua:
3508 5183 3609 5239 Dio

2063 5273 2206 5344 nysii
2235 5273 2426 5343 Exigui
2455 5283 2698 5343 tempore
2729 5273 2969 5328 fuerunt.
3013 5273 3151 5329 Hinc
3195 5276 3365 5330 multa
3407 5277 3630 5332 dissolv-

2062 5366 2434 5436 explicarique
2469 5375 2740 5435 possunt,
2784 5381 2903 5435 qua:
2937 5366 3200 5422 adversus
3242 5367 3605 5438 undecuplato

2062 5472 2152 5512 res
2189 5472 2219 5510 a
2257 5457 2494 5512 Maximo
2531 5466 2586 5512 et
2627 5455 2904 5528 Scaligero
2943 5460 3310 5515 disseruntur.
3355 5459 3621 5531 Siquidem

2063 5551 2186 5604 illos
2208 5557 2360 5603 extra
2381 5550 2593 5619 culpam
2618 5559 2671 5604 et
2693 5550 3170 5618 reprehensionem
3194 5550 3366 5607 fuisse
3387 5560 3621 5606 constat.

2063 5643 2142 5704 si,
2171 5656 2292 5710 qua:
2313 5649 2502 5696 nostra
2535 5641 2850 5711 conjectura
2881 5650 2964 5698 est
2983 5683 2997 5709 ,
3027 5643 3080 5697 id
3109 5658 3278 5696 unum
3310 5643 3366 5697 in
3399 5644 3490 5698 illa
3523 5660 3609 5699 me

2061 5733 2228 5788 tbodo
2255 5741 2608 5804 spectarunt,
2639 5742 2697 5788 ut
2723 5744 2974 5788 exactum
2998 5735 3139 5790 luna:
3159 5735 3431 5789 calculum
3457 5752 3606 5806 τεχνι

2063 5825 2209 5892 κῶς,
2249 5842 2311 5882 ac
2348 5825 2646 5896 μεθοδικῶς
2683 5827 3001 5893 traderent;
3040 5843 3146 5883 non
3184 5836 3241 5882 ut
3276 5827 3330 5881 in
3365 5825 3623 5882 Paschatr
