  <div class='ocr_page' id='page_1' title='image "/cluster/home/n/w/nwhite01/storage/ocr_20150623/19/nnc1.0037127454/753.png"; bbox 0 0 4070 6406; ppageno 0'>
   <div class='ocr_carea' id='block_1_1' title="bbox 420 463 559 522">
    <p class='ocr_par' dir='ltr' id='par_1_1' title="bbox 420 463 559 522">
     <span class='ocr_line' id='line_1_1' title="bbox 420 463 559 522; baseline -0.014 -1"><span class='ocrx_word' id='word_1_1' title='bbox 420 463 559 522; x_wconf 71' lang='lat'><strong>“59</strong></span> 
     </span>
    </p>
   </div>
   <div class='ocr_carea' id='block_1_2' title="bbox 1497 450 2728 511">
    <p class='ocr_par' dir='ltr' id='par_1_2' title="bbox 1497 450 2728 511">
     <span class='ocr_line' id='line_1_2' title="bbox 1497 450 2728 511; baseline -0.005 -1"><span class='ocrx_word' id='word_1_2' title='bbox 1497 458 1590 511; x_wconf 78' lang='lat' dir='ltr'><strong>AD</strong></span> <span class='ocrx_word' id='word_1_3' title='bbox 1630 454 1900 511; x_wconf 80' lang='lat' dir='ltr'><strong>EUSEBII</strong></span> <span class='ocrx_word' id='word_1_4' title='bbox 1939 451 2334 510; x_wconf 82' lang='lat' dir='ltr'><strong>CHRONICON</strong></span> <span class='ocrx_word' id='word_1_5' title='bbox 2367 450 2728 505; x_wconf 72' lang='lat' dir='ltr'><strong>APPENDIX.</strong></span> 
     </span>
    </p>
   </div>
   <div class='ocr_carea' id='block_1_3' title="bbox 3525 444 3669 501">
    <p class='ocr_par' dir='ltr' id='par_1_3' title="bbox 3525 444 3669 501">
     <span class='ocr_line' id='line_1_3' title="bbox 3525 444 3669 501; baseline 0.021 -3"><span class='ocrx_word' id='word_1_6' title='bbox 3525 444 3669 501; x_wconf 65' lang='grc'><strong>1460</strong></span> 
     </span>
    </p>
   </div>
   <div class='ocr_carea' id='block_1_4' title="bbox 420 562 3665 650">
    <p class='ocr_par' dir='ltr' id='par_1_4' title="bbox 420 562 3665 650">
     <span class='ocr_line' id='line_1_4' title="bbox 420 562 3665 650; baseline -0.006 -15"><span class='ocrx_word' id='word_1_7' title='bbox 420 577 625 650; x_wconf 87' lang='lat' dir='ltr'><strong>aliquid</strong></span> <span class='ocrx_word' id='word_1_8' title='bbox 655 584 977 633; x_wconf 81' lang='lat' dir='ltr'><strong>mnovarent</strong></span> <span class='ocrx_word' id='word_1_9' title='bbox 1005 596 1020 633; x_wconf 88' lang='lat'><strong>:</strong></span> <span class='ocrx_word' id='word_1_10' title='bbox 1054 576 1200 648; x_wconf 89' lang='lat' dir='ltr'><strong>quod</strong></span> <span class='ocrx_word' id='word_1_11' title='bbox 1230 590 1326 632; x_wconf 84' lang='lat' dir='ltr'><strong>eos</strong></span> <span class='ocrx_word' id='word_1_12' title='bbox 1354 574 1580 630; x_wconf 79' lang='lat' dir='ltr'><strong>minime</strong></span> <span class='ocrx_word' id='word_1_13' title='bbox 1612 573 1807 629; x_wconf 80' lang='lat' dir='ltr'><strong>fecisse</strong></span> <span class='ocrx_word' id='word_1_14' title='bbox 1840 571 1994 626; x_wconf 88' lang='lat' dir='ltr'><strong>testis</strong></span> <span class='ocrx_word' id='word_1_15' title='bbox 2022 573 2068 628; x_wconf 85' lang='lat' dir='ltr'><strong>A</strong></span> <span class='ocrx_word' id='word_1_16' title='bbox 2095 569 2414 639; x_wconf 82' lang='lat' dir='ltr'><strong>crepabant.</strong></span> <span class='ocrx_word' id='word_1_17' title='bbox 2458 568 2614 634; x_wconf 85' lang='lat' dir='ltr'><strong>Quod</strong></span> <span class='ocrx_word' id='word_1_18' title='bbox 2653 568 2798 620; x_wconf 90' lang='lat' dir='ltr'><strong>enim</strong></span> <span class='ocrx_word' id='word_1_19' title='bbox 2843 565 2908 619; x_wconf 83' lang='lat' dir='ltr'><strong>de</strong></span> <span class='ocrx_word' id='word_1_20' title='bbox 2933 564 3057 618; x_wconf 88' lang='lat' dir='ltr'><strong>luna</strong></span> <span class='ocrx_word' id='word_1_21' title='bbox 3080 579 3193 618; x_wconf 67' lang='grc' dir='ltr'><strong>χιιι</strong></span> <span class='ocrx_word' id='word_1_22' title='bbox 3217 571 3271 618; x_wconf 86' lang='lat' dir='ltr'><strong>et</strong></span> <span class='ocrx_word' id='word_1_23' title='bbox 3307 578 3441 617; x_wconf 76' lang='lat' dir='ltr'><strong>uin</strong></span> <span class='ocrx_word' id='word_1_24' title='bbox 3476 562 3665 617; x_wconf 87' lang='lat' dir='ltr'><strong>iisdem</strong></span> 
     </span>
    </p>
   </div>
   <div class='ocr_carea' id='block_1_5' title="bbox 421 661 1999 739">
    <p class='ocr_par' dir='ltr' id='par_1_5' title="bbox 421 661 1999 739">
     <span class='ocr_line' id='line_1_5' title="bbox 421 661 1999 739; baseline -0.007 -13"><span class='ocrx_word' id='word_1_25' title='bbox 421 685 544 726; x_wconf 88' lang='lat' dir='ltr'><strong>esse</strong></span> <span class='ocrx_word' id='word_1_26' title='bbox 595 677 775 739; x_wconf 92' lang='lat' dir='ltr'><strong>potest</strong></span> <span class='ocrx_word' id='word_1_27' title='bbox 827 668 1106 722; x_wconf 81' lang='lat' dir='ltr'><strong>Maximus</strong></span> <span class='ocrx_word' id='word_1_28' title='bbox 1132 668 1320 737; x_wconf 57' lang='lat' dir='ltr'><strong>tipse;</strong></span> <span class='ocrx_word' id='word_1_29' title='bbox 1365 666 1460 736; x_wconf 89' lang='lat' dir='ltr'><strong>qui</strong></span> <span class='ocrx_word' id='word_1_30' title='bbox 1503 666 1555 719; x_wconf 90' lang='lat' dir='ltr'><strong>id</strong></span> <span class='ocrx_word' id='word_1_31' title='bbox 1598 680 1808 729; x_wconf 92' lang='lat' dir='ltr'><strong>unum,</strong></span> <span class='ocrx_word' id='word_1_32' title='bbox 1852 661 1999 732; x_wconf 91' lang='lat' dir='ltr'><strong>quod</strong></span> 
     </span>
    </p>
   </div>
   <div class='ocr_carea' id='block_1_6' title="bbox 427 755 2000 831">
    <p class='ocr_par' dir='ltr' id='par_1_6' title="bbox 427 755 2000 831">
     <span class='ocr_line' id='line_1_6' title="bbox 427 755 2000 831; baseline -0.003 -15"><span class='ocrx_word' id='word_1_33' title='bbox 427 763 696 824; x_wconf 84' lang='lat' dir='ltr'><strong>diximus,</strong></span> <span class='ocrx_word' id='word_1_34' title='bbox 736 767 1054 831; x_wconf 76' lang='lat' dir='ltr'><strong>Oppugnat,</strong></span> <span class='ocrx_word' id='word_1_35' title='bbox 1092 773 1226 814; x_wconf 86' lang='lat' dir='ltr'><strong>sane</strong></span> <span class='ocrx_word' id='word_1_36' title='bbox 1261 773 1371 813; x_wconf 92' lang='lat' dir='ltr'><strong>non</strong></span> <span class='ocrx_word' id='word_1_37' title='bbox 1409 757 1654 829; x_wconf 82' lang='grc' dir='ltr'><strong>καίριον;</strong></span> <span class='ocrx_word' id='word_1_38' title='bbox 1693 771 1794 811; x_wconf 91' lang='lat' dir='ltr'><strong>nec</strong></span> <span class='ocrx_word' id='word_1_39' title='bbox 1834 755 2000 811; x_wconf 80' lang='lat' dir='ltr'><strong>ullius</strong></span> 
     </span>
    </p>
   </div>
   <div class='ocr_carea' id='block_1_7' title="bbox 427 847 2001 920">
    <p class='ocr_par' dir='ltr' id='par_1_7' title="bbox 427 847 2001 920">
     <span class='ocr_line' id='line_1_7' title="bbox 427 847 2001 920; baseline -0.005 -14"><span class='ocrx_word' id='word_1_40' title='bbox 427 854 490 908; x_wconf 80' lang='lat' dir='ltr'><strong>ad</strong></span> <span class='ocrx_word' id='word_1_41' title='bbox 525 852 737 907; x_wconf 84' lang='lat' dir='ltr'><strong>Pascha</strong></span> <span class='ocrx_word' id='word_1_42' title='bbox 772 851 1031 906; x_wconf 87' lang='lat' dir='ltr'><strong>momenti</strong></span> <span class='ocrx_word' id='word_1_43' title='bbox 1061 867 1075 917; x_wconf 90' lang='lat'><strong>;</strong></span> <span class='ocrx_word' id='word_1_44' title='bbox 1110 849 1254 920; x_wconf 90' lang='lat' dir='ltr'><strong>quod</strong></span> <span class='ocrx_word' id='word_1_45' title='bbox 1287 863 1572 919; x_wconf 83' lang='lat' dir='ltr'><strong>perperam</strong></span> <span class='ocrx_word' id='word_1_46' title='bbox 1605 847 2001 915; x_wconf 88' lang='lat' dir='ltr'><strong>scrupulariam</strong></span> 
     </span>
    </p>
   </div>
   <div class='ocr_carea' id='block_1_8' title="bbox 428 938 2000 1010">
    <p class='ocr_par' dir='ltr' id='par_1_8' title="bbox 428 938 2000 1010">
     <span class='ocr_line' id='line_1_8' title="bbox 428 938 2000 1010; baseline -0.003 -13"><span class='ocrx_word' id='word_1_47' title='bbox 428 939 574 997; x_wconf 80' lang='lat' dir='ltr'><strong>illam</strong></span> <span class='ocrx_word' id='word_1_48' title='bbox 625 943 894 997; x_wconf 89' lang='lat' dir='ltr'><strong>rationem</strong></span> <span class='ocrx_word' id='word_1_49' title='bbox 946 943 1418 996; x_wconf 75' lang='lat' dir='ltr'><strong>administrarent.</strong></span> <span class='ocrx_word' id='word_1_50' title='bbox 1463 939 1640 1010; x_wconf 85' lang='lat' dir='ltr'><strong>Atque</strong></span> <span class='ocrx_word' id='word_1_51' title='bbox 1693 938 1798 992; x_wconf 92' lang='lat' dir='ltr'><strong>hoc</strong></span> <span class='ocrx_word' id='word_1_52' title='bbox 1850 938 2000 1007; x_wconf 87' lang='lat' dir='ltr'><strong>ipsos</strong></span> 
     </span>
    </p>
   </div>
   <div class='ocr_carea' id='block_1_9' title="bbox 428 1028 2001 1106">
    <p class='ocr_par' dir='ltr' id='par_1_9' title="bbox 428 1028 2001 1106">
     <span class='ocr_line' id='line_1_9' title="bbox 428 1028 2001 1106; baseline -0.005 -16"><span class='ocrx_word' id='word_1_53' title='bbox 428 1035 729 1106; x_wconf 83' lang='lat' dir='ltr'><strong>elegantius</strong></span> <span class='ocrx_word' id='word_1_54' title='bbox 762 1032 940 1089; x_wconf 82' lang='lat' dir='ltr'><strong>facere</strong></span> <span class='ocrx_word' id='word_1_55' title='bbox 975 1034 1222 1103; x_wconf 88' lang='lat' dir='ltr'><strong>potuisse</strong></span> <span class='ocrx_word' id='word_1_56' title='bbox 1251 1047 1363 1086; x_wconf 88' lang='lat' dir='ltr'><strong>non</strong></span> <span class='ocrx_word' id='word_1_57' title='bbox 1393 1045 1565 1101; x_wconf 76' lang='lat' dir='ltr'><strong>nego;</strong></span> <span class='ocrx_word' id='word_1_58' title='bbox 1601 1028 1695 1084; x_wconf 91' lang='lat' dir='ltr'><strong>sed</strong></span> <span class='ocrx_word' id='word_1_59' title='bbox 1729 1029 1868 1084; x_wconf 85' lang='lat' dir='ltr'><strong>nihil</strong></span> <span class='ocrx_word' id='word_1_60' title='bbox 1896 1029 2001 1082; x_wconf 92' lang='lat' dir='ltr'><strong>hoc</strong></span> 
     </span>
    </p>
   </div>
   <div class='ocr_carea' id='block_1_10' title="bbox 428 1121 2003 1192">
    <p class='ocr_par' dir='ltr' id='par_1_10' title="bbox 428 1121 2003 1192">
     <span class='ocr_line' id='line_1_10' title="bbox 428 1121 2003 1192; baseline -0.004 -12"><span class='ocrx_word' id='word_1_61' title='bbox 428 1139 608 1182; x_wconf 90' lang='lat' dir='ltr'><strong>tamen</strong></span> <span class='ocrx_word' id='word_1_62' title='bbox 639 1126 937 1181; x_wconf 89' lang='lat' dir='ltr'><strong>Catholicis</strong></span> <span class='ocrx_word' id='word_1_63' title='bbox 971 1126 1170 1180; x_wconf 76' lang='lat' dir='ltr'><strong>ritibus</strong></span> <span class='ocrx_word' id='word_1_64' title='bbox 1202 1123 1542 1179; x_wconf 84' lang='lat' dir='ltr'><strong>adversatur.</strong></span> <span class='ocrx_word' id='word_1_65' title='bbox 1563 1121 1696 1176; x_wconf 84' lang='lat' dir='ltr'><strong>Nam</strong></span> <span class='ocrx_word' id='word_1_66' title='bbox 1717 1121 1862 1192; x_wconf 92' lang='lat' dir='ltr'><strong>quod</strong></span> <span class='ocrx_word' id='word_1_67' title='bbox 1886 1135 2003 1174; x_wconf 91' lang='lat' dir='ltr'><strong>mo-</strong></span> 
     </span>
    </p>
   </div>
   <div class='ocr_carea' id='block_1_11' title="bbox 430 1211 2002 1286">
    <p class='ocr_par' dir='ltr' id='par_1_11' title="bbox 430 1211 2002 1286">
     <span class='ocr_line' id='line_1_11' title="bbox 430 1211 2002 1286; baseline -0.004 -15"><span class='ocrx_word' id='word_1_68' title='bbox 430 1220 567 1273; x_wconf 88' lang='lat' dir='ltr'><strong>leste</strong></span> <span class='ocrx_word' id='word_1_69' title='bbox 598 1217 703 1272; x_wconf 73' lang='lat' dir='ltr'><strong>fert</strong></span> <span class='ocrx_word' id='word_1_70' title='bbox 732 1215 1000 1272; x_wconf 77' lang='lat' dir='ltr'><strong>Maximus</strong></span> <span class='ocrx_word' id='word_1_71' title='bbox 1032 1216 1274 1286; x_wconf 89' lang='lat' dir='ltr'><strong>quinque</strong></span> <span class='ocrx_word' id='word_1_72' title='bbox 1325 1214 1580 1284; x_wconf 91' lang='lat' dir='ltr'><strong>scrupula</strong></span> <span class='ocrx_word' id='word_1_73' title='bbox 1618 1214 1778 1267; x_wconf 89' lang='lat' dir='ltr'><strong>annis</strong></span> <span class='ocrx_word' id='word_1_74' title='bbox 1812 1211 2002 1282; x_wconf 77' lang='lat' dir='ltr'><strong>singu-</strong></span> 
     </span>
    </p>
   </div>
   <div class='ocr_carea' id='block_1_12' title="bbox 430 1303 2000 1378">
    <p class='ocr_par' dir='ltr' id='par_1_12' title="bbox 430 1303 2000 1378">
     <span class='ocr_line' id='line_1_12' title="bbox 430 1303 2000 1378; baseline -0.005 -14"><span class='ocrx_word' id='word_1_75' title='bbox 430 1312 497 1366; x_wconf 89' lang='lat' dir='ltr'><strong>lis</strong></span> <span class='ocrx_word' id='word_1_76' title='bbox 537 1310 793 1378; x_wconf 86' lang='lat' dir='ltr'><strong>imputari</strong></span> <span class='ocrx_word' id='word_1_77' title='bbox 829 1310 896 1363; x_wconf 91' lang='lat' dir='ltr'><strong>ad</strong></span> <span class='ocrx_word' id='word_1_78' title='bbox 931 1309 1278 1378; x_wconf 84' lang='lat' dir='ltr'><strong>exemptilem</strong></span> <span class='ocrx_word' id='word_1_79' title='bbox 1317 1307 1780 1377; x_wconf 89' lang='lat' dir='ltr'><strong>compensandum</strong></span> <span class='ocrx_word' id='word_1_80' title='bbox 1815 1303 1956 1358; x_wconf 91' lang='lat' dir='ltr'><strong>diem</strong></span> <span class='ocrx_word' id='word_1_81' title='bbox 1983 1345 2000 1370; x_wconf 86' lang='lat'><strong>,</strong></span> 
     </span>
    </p>
   </div>
   <div class='ocr_carea' id='block_1_13' title="bbox 431 1396 1998 1466">
    <p class='ocr_par' dir='ltr' id='par_1_13' title="bbox 431 1396 1998 1466">
     <span class='ocr_line' id='line_1_13' title="bbox 431 1396 1998 1466; baseline -0.004 -10"><span class='ocrx_word' id='word_1_82' title='bbox 431 1417 541 1456; x_wconf 91' lang='lat' dir='ltr'><strong>non</strong></span> <span class='ocrx_word' id='word_1_83' title='bbox 583 1402 687 1455; x_wconf 90' lang='lat' dir='ltr'><strong>hac</strong></span> <span class='ocrx_word' id='word_1_84' title='bbox 732 1401 848 1454; x_wconf 92' lang='lat' dir='ltr'><strong>sola</strong></span> <span class='ocrx_word' id='word_1_85' title='bbox 894 1400 962 1455; x_wconf 91' lang='lat' dir='ltr'><strong>de</strong></span> <span class='ocrx_word' id='word_1_86' title='bbox 1004 1413 1170 1455; x_wconf 88' lang='lat' dir='ltr'><strong>causa</strong></span> <span class='ocrx_word' id='word_1_87' title='bbox 1221 1399 1276 1454; x_wconf 92' lang='lat' dir='ltr'><strong>id</strong></span> <span class='ocrx_word' id='word_1_88' title='bbox 1322 1399 1445 1454; x_wconf 87' lang='lat' dir='ltr'><strong>illos</strong></span> <span class='ocrx_word' id='word_1_89' title='bbox 1475 1396 1782 1453; x_wconf 87' lang='lat' dir='ltr'><strong>instituisse</strong></span> <span class='ocrx_word' id='word_1_90' title='bbox 1824 1403 1998 1466; x_wconf 92' lang='lat' dir='ltr'><strong>puto;</strong></span> 
     </span>
    </p>
   </div>
   <div class='ocr_carea' id='block_1_14' title="bbox 429 1487 2004 1545">
    <p class='ocr_par' dir='ltr' id='par_1_14' title="bbox 429 1487 2004 1545">
     <span class='ocr_line' id='line_1_14' title="bbox 429 1487 2004 1545; baseline -0.003 0"><span class='ocrx_word' id='word_1_91' title='bbox 429 1491 523 1545; x_wconf 90' lang='lat' dir='ltr'><strong>sed</strong></span> <span class='ocrx_word' id='word_1_92' title='bbox 562 1497 621 1544; x_wconf 92' lang='lat' dir='ltr'><strong>ut</strong></span> <span class='ocrx_word' id='word_1_93' title='bbox 653 1491 948 1544; x_wconf 87' lang='lat' dir='ltr'><strong>terminum</strong></span> <span class='ocrx_word' id='word_1_94' title='bbox 986 1504 1110 1544; x_wconf 92' lang='lat' dir='ltr'><strong>cum</strong></span> <span class='ocrx_word' id='word_1_95' title='bbox 1149 1489 1411 1544; x_wconf 78' lang='lat' dir='ltr'><strong>exactiori</strong></span> <span class='ocrx_word' id='word_1_96' title='bbox 1456 1496 1610 1543; x_wconf 70' lang='lat' dir='ltr'><strong>aetate</strong></span> <span class='ocrx_word' id='word_1_97' title='bbox 1644 1489 1786 1542; x_wconf 71' lang='lat' dir='ltr'><strong>luna:</strong></span> <span class='ocrx_word' id='word_1_98' title='bbox 1817 1487 2004 1541; x_wconf 90' lang='lat' dir='ltr'><strong>conci-</strong></span> 
     </span>
    </p>
   </div>
   <div class='ocr_carea' id='block_1_15' title="bbox 430 1581 2006 1652">
    <p class='ocr_par' dir='ltr' id='par_1_15' title="bbox 430 1581 2006 1652">
     <span class='ocr_line' id='line_1_15' title="bbox 430 1581 2006 1652; baseline -0.002 -17"><span class='ocrx_word' id='word_1_99' title='bbox 430 1583 646 1637; x_wconf 89' lang='lat' dir='ltr'><strong>liarent.</strong></span> <span class='ocrx_word' id='word_1_100' title='bbox 689 1581 1055 1636; x_wconf 78' lang='lat' dir='ltr'><strong>Nihilominus</strong></span> <span class='ocrx_word' id='word_1_101' title='bbox 1103 1588 1158 1636; x_wconf 89' lang='lat' dir='ltr'><strong>et</strong></span> <span class='ocrx_word' id='word_1_102' title='bbox 1195 1585 1424 1652; x_wconf 84' lang='lat' dir='ltr'><strong>propter</strong></span> <span class='ocrx_word' id='word_1_103' title='bbox 1451 1581 1594 1636; x_wconf 71' lang='lat' dir='ltr'><strong>lunae</strong></span> <span class='ocrx_word' id='word_1_104' title='bbox 1643 1581 1839 1637; x_wconf 87' lang='lat' dir='ltr'><strong>saltum</strong></span> <span class='ocrx_word' id='word_1_105' title='bbox 1881 1597 2006 1649; x_wconf 85' lang='grc' dir='ltr'><strong>τεχ-</strong></span> 
     </span>
    </p>
   </div>
   <div class='ocr_carea' id='block_1_16' title="bbox 429 1671 2004 1743">
    <p class='ocr_par' dir='ltr' id='par_1_16' title="bbox 429 1671 2004 1743">
     <span class='ocr_line' id='line_1_16' title="bbox 429 1671 2004 1743; baseline 0 -17"><span class='ocrx_word' id='word_1_106' title='bbox 429 1672 596 1735; x_wconf 74' lang='grc' dir='ltr'>νικῶς</span> <span class='ocrx_word' id='word_1_107' title='bbox 632 1673 886 1743; x_wconf 90' lang='lat' dir='ltr'><strong>usurpari</strong></span> <span class='ocrx_word' id='word_1_108' title='bbox 920 1672 1094 1742; x_wconf 93' lang='lat' dir='ltr'><strong>potuit</strong></span> <span class='ocrx_word' id='word_1_109' title='bbox 1123 1691 1134 1725; x_wconf 96' lang='lat'>:</span> <span class='ocrx_word' id='word_1_110' title='bbox 1169 1672 1623 1742; x_wconf 89' lang='lat' dir='ltr'><strong>quemadmodum</strong></span> <span class='ocrx_word' id='word_1_111' title='bbox 1656 1671 1799 1726; x_wconf 89' lang='lat' dir='ltr'><strong>Beda</strong></span> <span class='ocrx_word' id='word_1_112' title='bbox 1827 1671 2004 1741; x_wconf 90' lang='lat' dir='ltr'><strong>capite</strong></span> 
     </span>
    </p>
   </div>
   <div class='ocr_carea' id='block_1_17' title="bbox 431 1765 2001 1837">
    <p class='ocr_par' dir='ltr' id='par_1_17' title="bbox 431 1765 2001 1837">
     <span class='ocr_line' id='line_1_17' title="bbox 431 1765 2001 1837; baseline -0.001 -18"><span class='ocrx_word' id='word_1_113' title='bbox 431 1765 524 1820; x_wconf 82' lang='lat' dir='ltr'><strong>XL</strong></span> <span class='ocrx_word' id='word_1_114' title='bbox 548 1767 671 1822; x_wconf 90' lang='lat' dir='ltr'><strong>libri</strong></span> <span class='ocrx_word' id='word_1_115' title='bbox 693 1765 772 1822; x_wconf 87' lang='lat' dir='ltr'><strong>De</strong></span> <span class='ocrx_word' id='word_1_116' title='bbox 799 1767 1002 1822; x_wconf 78' lang='lat' dir='ltr'><strong>ratione</strong></span> <span class='ocrx_word' id='word_1_117' title='bbox 1032 1777 1317 1837; x_wconf 85' lang='lat' dir='ltr'><strong>temporum</strong></span> <span class='ocrx_word' id='word_1_118' title='bbox 1341 1767 1537 1823; x_wconf 85' lang='lat' dir='ltr'><strong>saltum</strong></span> <span class='ocrx_word' id='word_1_119' title='bbox 1565 1765 1811 1821; x_wconf 92' lang='lat' dir='ltr'><strong>eumdem</strong></span> <span class='ocrx_word' id='word_1_120' title='bbox 1837 1765 2001 1828; x_wconf 69' lang='lat' dir='ltr'><strong>lunae,</strong></span> 
     </span>
    </p>
   </div>
   <div class='ocr_carea' id='block_1_18' title="bbox 432 1855 2003 1928">
    <p class='ocr_par' dir='ltr' id='par_1_18' title="bbox 432 1855 2003 1928">
     <span class='ocr_line' id='line_1_18' title="bbox 432 1855 2003 1928; baseline -0.001 -18"><span class='ocrx_word' id='word_1_121' title='bbox 432 1857 549 1911; x_wconf 82' lang='lat' dir='ltr'><strong>sive</strong></span> <span class='ocrx_word' id='word_1_122' title='bbox 574 1857 715 1921; x_wconf 85' lang='lat' dir='ltr'><strong>diem</strong></span> <span class='ocrx_word' id='word_1_123' title='bbox 743 1857 1120 1926; x_wconf 77' lang='lat' dir='ltr'><strong>exemptitium</strong></span> <span class='ocrx_word' id='word_1_124' title='bbox 1163 1873 1260 1928; x_wconf 88' lang='lat' dir='ltr'><strong>per</strong></span> <span class='ocrx_word' id='word_1_125' title='bbox 1289 1873 1380 1911; x_wconf 79' lang='lat' dir='ltr'><strong>xIx</strong></span> <span class='ocrx_word' id='word_1_126' title='bbox 1436 1871 1607 1911; x_wconf 86' lang='lat' dir='ltr'><strong>annos</strong></span> <span class='ocrx_word' id='word_1_127' title='bbox 1652 1857 1788 1927; x_wconf 82' lang='lat' dir='ltr'><strong>cycli</strong></span> <span class='ocrx_word' id='word_1_128' title='bbox 1847 1855 2003 1909; x_wconf 88' lang='lat' dir='ltr'><strong>luna—</strong></span> 
     </span>
    </p>
   </div>
   <div class='ocr_carea' id='block_1_19' title="bbox 432 1945 2006 2019">
    <p class='ocr_par' dir='ltr' id='par_1_19' title="bbox 432 1945 2006 2019">
     <span class='ocr_line' id='line_1_19' title="bbox 432 1945 2006 2019; baseline 0.001 -18"><span class='ocrx_word' id='word_1_129' title='bbox 432 1947 512 2001; x_wconf 89' lang='lat' dir='ltr'><strong>ris</strong></span> <span class='ocrx_word' id='word_1_130' title='bbox 545 1948 772 2013; x_wconf 82' lang='lat' dir='ltr'><strong>dividit,</strong></span> <span class='ocrx_word' id='word_1_131' title='bbox 810 1959 869 2003; x_wconf 87' lang='lat' dir='ltr'><strong>ut</strong></span> <span class='ocrx_word' id='word_1_132' title='bbox 902 1949 1162 2019; x_wconf 87' lang='lat' dir='ltr'><strong>paulatim</strong></span> <span class='ocrx_word' id='word_1_133' title='bbox 1195 1963 1260 2003; x_wconf 88' lang='lat' dir='ltr'><strong>ac</strong></span> <span class='ocrx_word' id='word_1_134' title='bbox 1291 1963 1388 2018; x_wconf 92' lang='lat' dir='ltr'><strong>per</strong></span> <span class='ocrx_word' id='word_1_135' title='bbox 1439 1948 1774 2002; x_wconf 90' lang='lat' dir='ltr'><strong>incrementa</strong></span> <span class='ocrx_word' id='word_1_136' title='bbox 1822 1945 2006 2016; x_wconf 85' lang='lat' dir='ltr'><strong>justus</strong></span> 
     </span>
    </p>
   </div>
   <div class='ocr_carea' id='block_1_20' title="bbox 433 2033 2004 2107">
    <p class='ocr_par' dir='ltr' id='par_1_20' title="bbox 433 2033 2004 2107">
     <span class='ocr_line' id='line_1_20' title="bbox 433 2033 2004 2107; baseline -0.001 -17"><span class='ocrx_word' id='word_1_137' title='bbox 433 2035 540 2091; x_wconf 86' lang='lat' dir='ltr'><strong>diei</strong></span> <span class='ocrx_word' id='word_1_138' title='bbox 591 2037 786 2092; x_wconf 89' lang='lat' dir='ltr'><strong>modus</strong></span> <span class='ocrx_word' id='word_1_139' title='bbox 834 2051 1182 2107; x_wconf 83' lang='lat' dir='ltr'><strong>progressum</strong></span> <span class='ocrx_word' id='word_1_140' title='bbox 1229 2037 1445 2090; x_wconf 88' lang='lat' dir='ltr'><strong>habeat.</strong></span> <span class='ocrx_word' id='word_1_141' title='bbox 1488 2033 1698 2089; x_wconf 90' lang='lat' dir='ltr'><strong>Etenim</strong></span> <span class='ocrx_word' id='word_1_142' title='bbox 1753 2049 2004 2104; x_wconf 73' lang='lat' dir='ltr'><strong>magnam</strong></span> 
     </span>
    </p>
   </div>
   <div class='ocr_carea' id='block_1_21' title="bbox 433 2123 2008 2198">
    <p class='ocr_par' dir='ltr' id='par_1_21' title="bbox 433 2123 2008 2198">
     <span class='ocr_line' id='line_1_21' title="bbox 433 2123 2008 2198; baseline -0.002 -16"><span class='ocrx_word' id='word_1_143' title='bbox 433 2127 817 2198; x_wconf 82' lang='lat' dir='ltr'><strong>scrupulorum</strong></span> <span class='ocrx_word' id='word_1_144' title='bbox 857 2129 1085 2184; x_wconf 89' lang='lat' dir='ltr'><strong>istorum</strong></span> <span class='ocrx_word' id='word_1_145' title='bbox 1127 2136 1334 2198; x_wconf 86' lang='lat' dir='ltr'><strong>partem</strong></span> <span class='ocrx_word' id='word_1_146' title='bbox 1369 2126 1685 2196; x_wconf 74' lang='lat' dir='ltr'><strong>negligunt,</strong></span> <span class='ocrx_word' id='word_1_147' title='bbox 1722 2125 1798 2178; x_wconf 89' lang='lat' dir='ltr'><strong>ait</strong></span> <span class='ocrx_word' id='word_1_148' title='bbox 1835 2123 2008 2179; x_wconf 75' lang='lat' dir='ltr'><strong>Masi-</strong></span> 
     </span>
    </p>
   </div>
   <div class='ocr_carea' id='block_1_22' title="bbox 434 2216 2008 2289">
    <p class='ocr_par' dir='ltr' id='par_1_22' title="bbox 434 2216 2008 2289">
     <span class='ocr_line' id='line_1_22' title="bbox 434 2216 2008 2289; baseline -0.001 -16"><span class='ocrx_word' id='word_1_149' title='bbox 434 2235 578 2274; x_wconf 86' lang='lat' dir='ltr'><strong>mus.</strong></span> <span class='ocrx_word' id='word_1_150' title='bbox 634 2218 836 2274; x_wconf 74' lang='lat' dir='ltr'><strong>Verum</strong></span> <span class='ocrx_word' id='word_1_151' title='bbox 882 2228 968 2274; x_wconf 86' lang='lat' dir='ltr'><strong>est</strong></span> <span class='ocrx_word' id='word_1_152' title='bbox 1009 2218 1064 2272; x_wconf 92' lang='lat' dir='ltr'><strong>id</strong></span> <span class='ocrx_word' id='word_1_153' title='bbox 1104 2218 1344 2289; x_wconf 88' lang='lat' dir='ltr'><strong>quidem.</strong></span> <span class='ocrx_word' id='word_1_154' title='bbox 1391 2216 1524 2271; x_wconf 83' lang='lat' dir='ltr'><strong>Nam</strong></span> <span class='ocrx_word' id='word_1_155' title='bbox 1568 2217 1716 2272; x_wconf 88' lang='lat' dir='ltr'><strong>solos</strong></span> <span class='ocrx_word' id='word_1_156' title='bbox 1767 2216 2008 2286; x_wconf 75' lang='lat' dir='ltr'><strong>integros</strong></span> 
     </span>
    </p>
   </div>
   <div class='ocr_carea' id='block_1_23' title="bbox 433 2309 2008 2380">
    <p class='ocr_par' dir='ltr' id='par_1_23' title="bbox 433 2309 2008 2380">
     <span class='ocr_line' id='line_1_23' title="bbox 433 2309 2008 2380; baseline -0.004 -12"><span class='ocrx_word' id='word_1_157' title='bbox 433 2312 559 2368; x_wconf 78' lang='lat' dir='ltr'><strong>dies</strong></span> <span class='ocrx_word' id='word_1_158' title='bbox 584 2311 652 2367; x_wconf 90' lang='lat' dir='ltr'><strong>ad</strong></span> <span class='ocrx_word' id='word_1_159' title='bbox 681 2327 948 2367; x_wconf 90' lang='lat' dir='ltr'><strong>summam</strong></span> <span class='ocrx_word' id='word_1_160' title='bbox 975 2310 1423 2376; x_wconf 89' lang='lat' dir='ltr'><strong>accommodant,</strong></span> <span class='ocrx_word' id='word_1_161' title='bbox 1449 2309 1713 2380; x_wconf 84' lang='lat' dir='ltr'><strong>quidquid</strong></span> <span class='ocrx_word' id='word_1_162' title='bbox 1739 2309 2008 2380; x_wconf 87' lang='lat' dir='ltr'><strong>reliquum</strong></span> 
     </span>
    </p>
   </div>
   <div class='ocr_carea' id='block_1_24' title="bbox 433 2401 2009 2472">
    <p class='ocr_par' dir='ltr' id='par_1_24' title="bbox 433 2401 2009 2472">
     <span class='ocr_line' id='line_1_24' title="bbox 433 2401 2009 2472; baseline -0.001 -15"><span class='ocrx_word' id='word_1_163' title='bbox 433 2412 521 2458; x_wconf 90' lang='lat' dir='ltr'><strong>est</strong></span> <span class='ocrx_word' id='word_1_164' title='bbox 544 2403 612 2458; x_wconf 91' lang='lat' dir='ltr'><strong>de</strong></span> <span class='ocrx_word' id='word_1_165' title='bbox 642 2403 949 2457; x_wconf 89' lang='lat' dir='ltr'><strong>ratiuncula</strong></span> <span class='ocrx_word' id='word_1_166' title='bbox 971 2443 986 2468; x_wconf 92' lang='lat'><strong>,</strong></span> <span class='ocrx_word' id='word_1_167' title='bbox 1029 2401 1132 2458; x_wconf 91' lang='lat' dir='ltr'><strong>etsi</strong></span> <span class='ocrx_word' id='word_1_168' title='bbox 1172 2401 1239 2456; x_wconf 91' lang='lat' dir='ltr'><strong>ad</strong></span> <span class='ocrx_word' id='word_1_169' title='bbox 1270 2403 1553 2472; x_wconf 78' lang='lat' dir='ltr'><strong>sexaginta</strong></span> <span class='ocrx_word' id='word_1_170' title='bbox 1595 2401 1819 2472; x_wconf 90' lang='lat' dir='ltr'><strong>propius</strong></span> <span class='ocrx_word' id='word_1_171' title='bbox 1855 2415 2009 2456; x_wconf 85' lang='lat' dir='ltr'><strong>acce-</strong></span> 
     </span>
    </p>
   </div>
   <div class='ocr_carea' id='block_1_25' title="bbox 435 2495 1132 2565">
    <p class='ocr_par' dir='ltr' id='par_1_25' title="bbox 435 2495 1132 2565">
     <span class='ocr_line' id='line_1_25' title="bbox 435 2495 1132 2565; baseline 0 -16"><span class='ocrx_word' id='word_1_172' title='bbox 435 2495 568 2559; x_wconf 81' lang='lat' dir='ltr'><strong>dat,</strong></span> <span class='ocrx_word' id='word_1_173' title='bbox 601 2495 824 2565; x_wconf 89' lang='lat' dir='ltr'><strong>penitus</strong></span> <span class='ocrx_word' id='word_1_174' title='bbox 854 2495 1132 2549; x_wconf 87' lang='lat' dir='ltr'><strong>omittunt.</strong></span> 
     </span>
    </p>
   </div>
   <div class='ocr_carea' id='block_1_26' title="bbox 508 2583 2010 2656">
    <p class='ocr_par' dir='ltr' id='par_1_26' title="bbox 508 2583 2010 2656">
     <span class='ocr_line' id='line_1_26' title="bbox 508 2583 2010 2656; baseline -0.001 -16"><span class='ocrx_word' id='word_1_175' title='bbox 508 2586 829 2656; x_wconf 78' lang='lat' dir='ltr'><strong>Exemplum</strong></span> <span class='ocrx_word' id='word_1_176' title='bbox 861 2605 874 2639; x_wconf 88' lang='lat'><strong>:</strong></span> <span class='ocrx_word' id='word_1_177' title='bbox 909 2588 1066 2640; x_wconf 87' lang='lat' dir='ltr'><strong>Anno</strong></span> <span class='ocrx_word' id='word_1_178' title='bbox 1098 2585 1237 2656; x_wconf 82' lang='lat' dir='ltr'><strong>cycli</strong></span> <span class='ocrx_word' id='word_1_179' title='bbox 1270 2585 1764 2656; x_wconf 89' lang='lat' dir='ltr'><strong>undecuplatorum</strong></span> <span class='ocrx_word' id='word_1_180' title='bbox 1798 2583 2010 2639; x_wconf 86' lang='lat' dir='ltr'><strong>lunaris</strong></span> 
     </span>
    </p>
   </div>
   <div class='ocr_carea' id='block_1_27' title="bbox 438 2674 2008 2749">
    <p class='ocr_par' dir='ltr' id='par_1_27' title="bbox 438 2674 2008 2749">
     <span class='ocr_line' id='line_1_27' title="bbox 438 2674 2008 2749; baseline -0.001 -18"><span class='ocrx_word' id='word_1_181' title='bbox 438 2691 611 2741; x_wconf 76' lang='grc' dir='ltr'><strong>ινιιι,</strong></span> <span class='ocrx_word' id='word_1_182' title='bbox 661 2678 874 2749; x_wconf 84' lang='lat' dir='ltr'><strong>quiest</strong></span> <span class='ocrx_word' id='word_1_183' title='bbox 917 2675 1413 2732; x_wconf 81' lang='lat' dir='ltr'><strong>Alexandrinorum</strong></span> <span class='ocrx_word' id='word_1_184' title='bbox 1460 2691 1536 2740; x_wconf 85' lang='grc' dir='ltr'><strong>ιι,</strong></span> <span class='ocrx_word' id='word_1_185' title='bbox 1588 2676 1855 2731; x_wconf 91' lang='lat' dir='ltr'><strong>terminus</strong></span> <span class='ocrx_word' id='word_1_186' title='bbox 1901 2674 2008 2729; x_wconf 88' lang='lat' dir='ltr'><strong>Pa-</strong></span> 
     </span>
    </p>
   </div>
   <div class='ocr_carea' id='block_1_28' title="bbox 439 2761 2006 2833">
    <p class='ocr_par' dir='ltr' id='par_1_28' title="bbox 439 2761 2006 2833">
     <span class='ocr_line' id='line_1_28' title="bbox 439 2761 2006 2833; baseline 0.001 -11"><span class='ocrx_word' id='word_1_187' title='bbox 439 2768 643 2824; x_wconf 86' lang='lat' dir='ltr'><strong>schalis</strong></span> <span class='ocrx_word' id='word_1_188' title='bbox 671 2776 789 2824; x_wconf 91' lang='lat' dir='ltr'><strong>erat</strong></span> <span class='ocrx_word' id='word_1_189' title='bbox 812 2761 998 2823; x_wconf 84' lang='lat' dir='ltr'><strong>Martii</strong></span> <span class='ocrx_word' id='word_1_190' title='bbox 1022 2785 1151 2833; x_wconf 74' lang='lat' dir='ltr'><strong>xxv,</strong></span> <span class='ocrx_word' id='word_1_191' title='bbox 1187 2769 1274 2825; x_wconf 90' lang='lat' dir='ltr'><strong>die</strong></span> <span class='ocrx_word' id='word_1_192' title='bbox 1307 2769 1375 2824; x_wconf 71' lang='grc'><strong>84</strong></span> <span class='ocrx_word' id='word_1_193' title='bbox 1401 2783 1431 2822; x_wconf 90' lang='lat' dir='ltr'><strong>a</strong></span> <span class='ocrx_word' id='word_1_194' title='bbox 1457 2768 1714 2823; x_wconf 83' lang='lat' dir='ltr'><strong>Kalendis</strong></span> <span class='ocrx_word' id='word_1_195' title='bbox 1741 2766 2006 2823; x_wconf 85' lang='lat' dir='ltr'><strong>Januarii.</strong></span> 
     </span>
    </p>
   </div>
   <div class='ocr_carea' id='block_1_29' title="bbox 443 2859 2010 2930">
    <p class='ocr_par' dir='ltr' id='par_1_29' title="bbox 443 2859 2010 2930">
     <span class='ocr_line' id='line_1_29' title="bbox 443 2859 2010 2930; baseline 0.002 -19"><span class='ocrx_word' id='word_1_196' title='bbox 443 2859 630 2914; x_wconf 83' lang='lat' dir='ltr'><strong>Ductis</strong></span> <span class='ocrx_word' id='word_1_197' title='bbox 661 2861 820 2915; x_wconf 89' lang='lat' dir='ltr'><strong>annis</strong></span> <span class='ocrx_word' id='word_1_198' title='bbox 860 2862 922 2915; x_wconf 82' lang='grc'>18</span> <span class='ocrx_word' id='word_1_199' title='bbox 955 2860 1012 2916; x_wconf 82' lang='lat' dir='ltr'><strong>in</strong></span> <span class='ocrx_word' id='word_1_200' title='bbox 1047 2863 1135 2926; x_wconf 83' lang='lat' dir='ltr'><strong>H,</strong></span> <span class='ocrx_word' id='word_1_201' title='bbox 1168 2861 1412 2916; x_wconf 86' lang='lat' dir='ltr'><strong>confiunt</strong></span> <span class='ocrx_word' id='word_1_202' title='bbox 1440 2861 1556 2916; x_wconf 91' lang='lat' dir='ltr'><strong>dies</strong></span> <span class='ocrx_word' id='word_1_203' title='bbox 1592 2860 1728 2927; x_wconf 82' lang='grc'><strong>198,</strong></span> <span class='ocrx_word' id='word_1_204' title='bbox 1763 2862 1854 2930; x_wconf 91' lang='lat' dir='ltr'><strong>qui</strong></span> <span class='ocrx_word' id='word_1_205' title='bbox 1887 2876 2010 2915; x_wconf 93' lang='lat' dir='ltr'><strong>cum</strong></span> 
     </span>
    </p>
   </div>
   <div class='ocr_carea' id='block_1_30' title="bbox 440 2951 2012 3023">
    <p class='ocr_par' dir='ltr' id='par_1_30' title="bbox 440 2951 2012 3023">
     <span class='ocr_line' id='line_1_30' title="bbox 440 2951 2012 3023; baseline 0.001 -17"><span class='ocrx_word' id='word_1_206' title='bbox 440 2952 510 3006; x_wconf 71' lang='grc'>84</span> <span class='ocrx_word' id='word_1_207' title='bbox 555 2951 792 3008; x_wconf 79' lang='lat' dir='ltr'><strong>elliciunt</strong></span> <span class='ocrx_word' id='word_1_208' title='bbox 818 2953 943 3009; x_wconf 76' lang='grc'><strong>282.</strong></span> <span class='ocrx_word' id='word_1_209' title='bbox 980 2951 1248 3023; x_wconf 85' lang='lat' dir='ltr'><strong>Scrupula</strong></span> <span class='ocrx_word' id='word_1_210' title='bbox 1292 2954 1489 3009; x_wconf 89' lang='lat' dir='ltr'><strong>deinde</strong></span> <span class='ocrx_word' id='word_1_211' title='bbox 1547 2953 1741 3008; x_wconf 89' lang='lat' dir='ltr'><strong>diurna</strong></span> <span class='ocrx_word' id='word_1_212' title='bbox 1787 2954 1856 3008; x_wconf 73' lang='grc'><strong>84</strong></span> <span class='ocrx_word' id='word_1_213' title='bbox 1886 2969 2012 3007; x_wconf 93' lang='lat' dir='ltr'><strong>cum</strong></span> 
     </span>
    </p>
   </div>
   <div class='ocr_carea' id='block_1_31' title="bbox 439 3043 2013 3115">
    <p class='ocr_par' dir='ltr' id='par_1_31' title="bbox 439 3043 2013 3115">
     <span class='ocr_line' id='line_1_31' title="bbox 439 3043 2013 3115; baseline 0.003 -18"><span class='ocrx_word' id='word_1_214' title='bbox 439 3043 539 3107; x_wconf 88' lang='lat'><strong>90,</strong></span> <span class='ocrx_word' id='word_1_215' title='bbox 569 3045 664 3114; x_wconf 90' lang='lat' dir='ltr'><strong>qui</strong></span> <span class='ocrx_word' id='word_1_216' title='bbox 693 3060 761 3099; x_wconf 75' lang='lat' dir='ltr'><strong>ex</strong></span> <span class='ocrx_word' id='word_1_217' title='bbox 797 3044 863 3098; x_wconf 80' lang='lat' dir='ltr'><strong>l8</strong></span> <span class='ocrx_word' id='word_1_218' title='bbox 912 3059 1007 3114; x_wconf 90' lang='lat' dir='ltr'><strong>per</strong></span> <span class='ocrx_word' id='word_1_219' title='bbox 1052 3044 1086 3099; x_wconf 94' lang='lat'><strong>5</strong></span> <span class='ocrx_word' id='word_1_220' title='bbox 1138 3045 1512 3115; x_wconf 85' lang='lat' dir='ltr'><strong>multiplicatis</strong></span> <span class='ocrx_word' id='word_1_221' title='bbox 1561 3048 1846 3111; x_wconf 88' lang='lat' dir='ltr'><strong>oriuntur,</strong></span> <span class='ocrx_word' id='word_1_222' title='bbox 1895 3045 2013 3102; x_wconf 87' lang='lat' dir='ltr'><strong>dies</strong></span> 
     </span>
    </p>
   </div>
   <div class='ocr_carea' id='block_1_32' title="bbox 441 3133 2012 3206">
    <p class='ocr_par' dir='ltr' id='par_1_32' title="bbox 441 3133 2012 3206">
     <span class='ocr_line' id='line_1_32' title="bbox 441 3133 2012 3206; baseline 0.003 -20"><span class='ocrx_word' id='word_1_223' title='bbox 441 3133 682 3188; x_wconf 78' lang='lat' dir='ltr'><strong>conﬂant</strong></span> <span class='ocrx_word' id='word_1_224' title='bbox 710 3135 777 3199; x_wconf 74' lang='grc'><strong>2,</strong></span> <span class='ocrx_word' id='word_1_225' title='bbox 807 3135 930 3192; x_wconf 71' lang='grc' dir='ltr'><strong>54¹ε</strong></span> <span class='ocrx_word' id='word_1_226' title='bbox 963 3135 1164 3206; x_wconf 87' lang='lat' dir='ltr'><strong>quibus</strong></span> <span class='ocrx_word' id='word_1_227' title='bbox 1197 3135 1264 3191; x_wconf 92' lang='lat' dir='ltr'><strong>ad</strong></span> <span class='ocrx_word' id='word_1_228' title='bbox 1299 3137 1416 3194; x_wconf 90' lang='lat' dir='ltr'><strong>dies</strong></span> <span class='ocrx_word' id='word_1_229' title='bbox 1447 3137 1555 3192; x_wconf 67' lang='lat'><strong>282</strong></span> <span class='ocrx_word' id='word_1_230' title='bbox 1587 3137 1788 3194; x_wconf 91' lang='lat' dir='ltr'><strong>additis</strong></span> <span class='ocrx_word' id='word_1_231' title='bbox 1808 3178 1824 3202; x_wconf 89' lang='lat'><strong>,</strong></span> <span class='ocrx_word' id='word_1_232' title='bbox 1861 3153 2012 3194; x_wconf 83' lang='lat' dir='ltr'><strong>sum—</strong></span> 
     </span>
    </p>
   </div>
   <div class='ocr_carea' id='block_1_33' title="bbox 2102 655 3666 731">
    <p class='ocr_par' dir='ltr' id='par_1_33' title="bbox 2102 655 3666 731">
     <span class='ocr_line' id='line_1_33' title="bbox 2102 655 3666 731; baseline -0.004 -15"><span class='ocrx_word' id='word_1_233' title='bbox 2102 663 2379 731; x_wconf 80' lang='lat' dir='ltr'><strong>objicitur,</strong></span> <span class='ocrx_word' id='word_1_234' title='bbox 2427 661 2585 730; x_wconf 90' lang='lat' dir='ltr'><strong>quasi</strong></span> <span class='ocrx_word' id='word_1_235' title='bbox 2618 658 2772 714; x_wconf 79' lang='lat' dir='ltr'><strong>nefas</strong></span> <span class='ocrx_word' id='word_1_236' title='bbox 2803 659 2874 711; x_wconf 91' lang='lat' dir='ltr'><strong>sit</strong></span> <span class='ocrx_word' id='word_1_237' title='bbox 2903 658 2956 711; x_wconf 89' lang='lat' dir='ltr'><strong>in</strong></span> <span class='ocrx_word' id='word_1_238' title='bbox 2992 657 3100 712; x_wconf 92' lang='lat' dir='ltr'><strong>illis</strong></span> <span class='ocrx_word' id='word_1_239' title='bbox 3133 655 3343 711; x_wconf 83' lang='lat' dir='ltr'><strong>Pascha</strong></span> <span class='ocrx_word' id='word_1_240' title='bbox 3374 670 3666 726; x_wconf 81' lang='lat' dir='ltr'><strong>peragere,</strong></span> 
     </span>
    </p>
   </div>
   <div class='ocr_carea' id='block_1_34' title="bbox 2103 749 3670 822">
    <p class='ocr_par' dir='ltr' id='par_1_34' title="bbox 2103 749 3670 822">
     <span class='ocr_line' id='line_1_34' title="bbox 2103 749 3670 822; baseline -0.004 -14"><span class='ocrx_word' id='word_1_241' title='bbox 2103 755 2241 809; x_wconf 87' lang='lat' dir='ltr'><strong>nihil</strong></span> <span class='ocrx_word' id='word_1_242' title='bbox 2276 754 2342 808; x_wconf 90' lang='lat' dir='ltr'><strong>ad</strong></span> <span class='ocrx_word' id='word_1_243' title='bbox 2385 769 2498 808; x_wconf 90' lang='lat' dir='ltr'><strong>rem</strong></span> <span class='ocrx_word' id='word_1_244' title='bbox 2535 752 2793 822; x_wconf 88' lang='lat' dir='ltr'><strong>pertinet.</strong></span> <span class='ocrx_word' id='word_1_245' title='bbox 2831 750 3044 804; x_wconf 88' lang='lat' dir='ltr'><strong>Etenim</strong></span> <span class='ocrx_word' id='word_1_246' title='bbox 3079 749 3225 803; x_wconf 88' lang='lat' dir='ltr'><strong>aliud</strong></span> <span class='ocrx_word' id='word_1_247' title='bbox 3258 757 3341 803; x_wconf 92' lang='lat' dir='ltr'><strong>est</strong></span> <span class='ocrx_word' id='word_1_248' title='bbox 3369 749 3670 804; x_wconf 87' lang='lat' dir='ltr'><strong>sollicitare</strong></span> 
     </span>
    </p>
   </div>
   <div class='ocr_carea' id='block_1_35' title="bbox 2100 838 3668 914">
    <p class='ocr_par' dir='ltr' id='par_1_35' title="bbox 2100 838 3668 914">
     <span class='ocr_line' id='line_1_35' title="bbox 2100 838 3668 914; baseline -0.005 -14"><span class='ocrx_word' id='word_1_249' title='bbox 2100 845 2366 900; x_wconf 88' lang='lat' dir='ltr'><strong>terminos</strong></span> <span class='ocrx_word' id='word_1_250' title='bbox 2392 843 2571 914; x_wconf 87' lang='lat' dir='ltr'><strong>ipsos,</strong></span> <span class='ocrx_word' id='word_1_251' title='bbox 2599 851 2652 896; x_wconf 90' lang='lat' dir='ltr'><strong>et</strong></span> <span class='ocrx_word' id='word_1_252' title='bbox 2679 843 2900 910; x_wconf 88' lang='lat' dir='ltr'><strong>antiqua</strong></span> <span class='ocrx_word' id='word_1_253' title='bbox 2930 841 3159 894; x_wconf 88' lang='lat' dir='ltr'><strong>statione</strong></span> <span class='ocrx_word' id='word_1_254' title='bbox 3184 839 3453 906; x_wconf 85' lang='lat' dir='ltr'><strong>depellere</strong></span> <span class='ocrx_word' id='word_1_255' title='bbox 3477 858 3489 892; x_wconf 95' lang='lat'><strong>:</strong></span> <span class='ocrx_word' id='word_1_256' title='bbox 3522 838 3668 892; x_wconf 90' lang='lat' dir='ltr'><strong>aliud</strong></span> 
     </span>
    </p>
   </div>
   <div class='ocr_carea' id='block_1_36' title="bbox 2103 931 3669 1000">
    <p class='ocr_par' dir='ltr' id='par_1_36' title="bbox 2103 931 3669 1000">
     <span class='ocr_line' id='line_1_36' title="bbox 2103 931 3669 1000; baseline -0.004 -8"><span class='ocrx_word' id='word_1_257' title='bbox 2103 938 2292 992; x_wconf 91' lang='lat' dir='ltr'><strong>iisdem</strong></span> <span class='ocrx_word' id='word_1_258' title='bbox 2322 938 2592 990; x_wconf 67' lang='lat' dir='ltr'><strong>haerentes</strong></span> <span class='ocrx_word' id='word_1_259' title='bbox 2623 934 2815 988; x_wconf 91' lang='lat' dir='ltr'><strong>diebus</strong></span> <span class='ocrx_word' id='word_1_260' title='bbox 2834 974 2847 996; x_wconf 93' lang='lat'><strong>,</strong></span> <span class='ocrx_word' id='word_1_261' title='bbox 2879 948 2989 987; x_wconf 90' lang='lat' dir='ltr'><strong>uno</strong></span> <span class='ocrx_word' id='word_1_262' title='bbox 3016 932 3103 986; x_wconf 91' lang='lat' dir='ltr'><strong>die</strong></span> <span class='ocrx_word' id='word_1_263' title='bbox 3128 932 3214 986; x_wconf 91' lang='lat' dir='ltr'><strong>vel</strong></span> <span class='ocrx_word' id='word_1_264' title='bbox 3240 931 3406 986; x_wconf 91' lang='lat' dir='ltr'><strong>biduo</strong></span> <span class='ocrx_word' id='word_1_265' title='bbox 3435 932 3669 1000; x_wconf 88' lang='lat' dir='ltr'><strong>amplius</strong></span> 
     </span>
    </p>
   </div>
   <div class='ocr_carea' id='block_1_37' title="bbox 2102 1020 3676 1096">
    <p class='ocr_par' dir='ltr' id='par_1_37' title="bbox 2102 1020 3676 1096">
     <span class='ocr_line' id='line_1_37' title="bbox 2102 1020 3676 1096; baseline -0.005 -14"><span class='ocrx_word' id='word_1_266' title='bbox 2102 1042 2396 1082; x_wconf 86' lang='lat' dir='ltr'><strong>numerare</strong></span> <span class='ocrx_word' id='word_1_267' title='bbox 2420 1046 2434 1082; x_wconf 87' lang='lat'><strong>:</strong></span> <span class='ocrx_word' id='word_1_268' title='bbox 2463 1041 2696 1096; x_wconf 91' lang='lat' dir='ltr'><strong>quorum</strong></span> <span class='ocrx_word' id='word_1_269' title='bbox 2723 1026 2874 1094; x_wconf 89' lang='lat' dir='ltr'><strong>prius</strong></span> <span class='ocrx_word' id='word_1_270' title='bbox 2905 1023 3022 1077; x_wconf 90' lang='lat' dir='ltr'><strong>sine</strong></span> <span class='ocrx_word' id='word_1_271' title='bbox 3049 1023 3265 1092; x_wconf 79' lang='lat' dir='ltr'><strong>publica</strong></span> <span class='ocrx_word' id='word_1_272' title='bbox 3291 1020 3548 1076; x_wconf 67' lang='lat' dir='ltr'><strong>Ecclesia:</strong></span> <span class='ocrx_word' id='word_1_273' title='bbox 3571 1037 3676 1075; x_wconf 66' lang='lat' dir='ltr'><strong>auo</strong></span> 
     </span>
    </p>
   </div>
   <div class='ocr_carea' id='block_1_38' title="bbox 2104 1110 3671 1181">
    <p class='ocr_par' dir='ltr' id='par_1_38' title="bbox 2104 1110 3671 1181">
     <span class='ocr_line' id='line_1_38' title="bbox 2104 1110 3671 1181; baseline -0.004 -11"><span class='ocrx_word' id='word_1_274' title='bbox 2104 1117 2359 1170; x_wconf 84' lang='lat' dir='ltr'><strong>ctorilate</strong></span> <span class='ocrx_word' id='word_1_275' title='bbox 2393 1129 2503 1169; x_wconf 87' lang='lat' dir='ltr'><strong>non</strong></span> <span class='ocrx_word' id='word_1_276' title='bbox 2552 1114 2789 1178; x_wconf 87' lang='lat' dir='ltr'><strong>licebat;</strong></span> <span class='ocrx_word' id='word_1_277' title='bbox 2827 1113 3098 1181; x_wconf 89' lang='lat' dir='ltr'><strong>posterius</strong></span> <span class='ocrx_word' id='word_1_278' title='bbox 3139 1111 3388 1164; x_wconf 90' lang='lat' dir='ltr'><strong>eruditus</strong></span> <span class='ocrx_word' id='word_1_279' title='bbox 3435 1110 3671 1180; x_wconf 85' lang='lat' dir='ltr'><strong>quisque</strong></span> 
     </span>
    </p>
   </div>
   <div class='ocr_carea' id='block_1_39' title="bbox 2102 1201 3675 1271">
    <p class='ocr_par' dir='ltr' id='par_1_39' title="bbox 2102 1201 3675 1271">
     <span class='ocr_line' id='line_1_39' title="bbox 2102 1201 3675 1271; baseline -0.004 -11"><span class='ocrx_word' id='word_1_280' title='bbox 2102 1222 2286 1262; x_wconf 88' lang='lat' dir='ltr'><strong>rerum</strong></span> <span class='ocrx_word' id='word_1_281' title='bbox 2317 1206 2846 1267; x_wconf 62' lang='lat' dir='ltr'><strong>astronomicarum,</strong></span> <span class='ocrx_word' id='word_1_282' title='bbox 2899 1211 3023 1257; x_wconf 90' lang='lat' dir='ltr'><strong>ante</strong></span> <span class='ocrx_word' id='word_1_283' title='bbox 3063 1201 3449 1271; x_wconf 81' lang='lat' dir='ltr'><strong>Cregorianam</strong></span> <span class='ocrx_word' id='word_1_284' title='bbox 3491 1217 3675 1256; x_wconf 90' lang='lat' dir='ltr'><strong>emen-</strong></span> 
     </span>
    </p>
   </div>
   <div class='ocr_carea' id='block_1_40' title="bbox 2105 1292 3668 1368">
    <p class='ocr_par' dir='ltr' id='par_1_40' title="bbox 2105 1292 3668 1368">
     <span class='ocr_line' id='line_1_40' title="bbox 2105 1292 3668 1368; baseline -0.005 -14"><span class='ocrx_word' id='word_1_285' title='bbox 2105 1301 2390 1354; x_wconf 88' lang='lat' dir='ltr'><strong>dationem</strong></span> <span class='ocrx_word' id='word_1_286' title='bbox 2410 1339 2425 1364; x_wconf 94' lang='lat'><strong>,</strong></span> <span class='ocrx_word' id='word_1_287' title='bbox 2459 1298 2711 1368; x_wconf 83' lang='lat' dir='ltr'><strong>privatim</strong></span> <span class='ocrx_word' id='word_1_288' title='bbox 2742 1297 2884 1351; x_wconf 87' lang='lat' dir='ltr'><strong>citra</strong></span> <span class='ocrx_word' id='word_1_289' title='bbox 2909 1294 3384 1364; x_wconf 87' lang='lat' dir='ltr'><strong>reprehensionem</strong></span> <span class='ocrx_word' id='word_1_290' title='bbox 3414 1292 3668 1349; x_wconf 89' lang='lat' dir='ltr'><strong>instituit.</strong></span> 
     </span>
    </p>
   </div>
   <div class='ocr_carea' id='block_1_41' title="bbox 2110 1385 3673 1456">
    <p class='ocr_par' dir='ltr' id='par_1_41' title="bbox 2110 1385 3673 1456">
     <span class='ocr_line' id='line_1_41' title="bbox 2110 1385 3673 1456; baseline -0.005 -11"><span class='ocrx_word' id='word_1_291' title='bbox 2110 1391 2224 1445; x_wconf 87' lang='lat' dir='ltr'><strong>Hoc</strong></span> <span class='ocrx_word' id='word_1_292' title='bbox 2257 1392 2401 1445; x_wconf 87' lang='lat' dir='ltr'><strong>enim</strong></span> <span class='ocrx_word' id='word_1_293' title='bbox 2435 1389 2570 1444; x_wconf 93' lang='lat' dir='ltr'><strong>nihil</strong></span> <span class='ocrx_word' id='word_1_294' title='bbox 2603 1396 2722 1444; x_wconf 87' lang='lat' dir='ltr'><strong>erat</strong></span> <span class='ocrx_word' id='word_1_295' title='bbox 2752 1387 2933 1450; x_wconf 86' lang='lat' dir='ltr'><strong>aliud,</strong></span> <span class='ocrx_word' id='word_1_296' title='bbox 2966 1401 3127 1456; x_wconf 87' lang='lat' dir='ltr'><strong>quam</strong></span> <span class='ocrx_word' id='word_1_297' title='bbox 3163 1399 3192 1438; x_wconf 92' lang='lat' dir='ltr'><strong>a</strong></span> <span class='ocrx_word' id='word_1_298' title='bbox 3226 1385 3540 1439; x_wconf 75' lang='lat' dir='ltr'><strong>cmlcstibus</strong></span> <span class='ocrx_word' id='word_1_299' title='bbox 3574 1401 3673 1438; x_wconf 79' lang='lat' dir='ltr'><strong>no-</strong></span> 
     </span>
    </p>
   </div>
   <div class='ocr_carea' id='block_1_42' title="bbox 2104 1472 3674 1540">
    <p class='ocr_par' dir='ltr' id='par_1_42' title="bbox 2104 1472 3674 1540">
     <span class='ocr_line' id='line_1_42' title="bbox 2104 1472 3674 1540; baseline -0.008 -4"><span class='ocrx_word' id='word_1_300' title='bbox 2104 1482 2325 1537; x_wconf 90' lang='lat' dir='ltr'><strong>viluniis</strong></span> <span class='ocrx_word' id='word_1_301' title='bbox 2359 1482 2500 1534; x_wconf 67' lang='lat' dir='ltr'><strong>lunae</strong></span> <span class='ocrx_word' id='word_1_302' title='bbox 2529 1487 2741 1534; x_wconf 61' lang='lat' dir='ltr'><strong>aetatem</strong></span> <span class='ocrx_word' id='word_1_303' title='bbox 2791 1490 3101 1540; x_wconf 80' lang='lat' dir='ltr'><strong>arcessere,</strong></span> <span class='ocrx_word' id='word_1_304' title='bbox 3148 1489 3258 1526; x_wconf 90' lang='lat' dir='ltr'><strong>non</strong></span> <span class='ocrx_word' id='word_1_305' title='bbox 3299 1488 3330 1526; x_wconf 90' lang='lat' dir='ltr'><strong>a</strong></span> <span class='ocrx_word' id='word_1_306' title='bbox 3371 1472 3674 1526; x_wconf 88' lang='lat' dir='ltr'><strong>neomeniis</strong></span> 
     </span>
    </p>
   </div>
   <div class='ocr_carea' id='block_1_43' title="bbox 2104 1549 3214 1640">
    <p class='ocr_par' dir='ltr' id='par_1_43' title="bbox 2104 1549 3214 1640">
     <span class='ocr_line' id='line_1_43' title="bbox 2104 1549 3214 1640; baseline -0.004 -16"><span class='ocrx_word' id='word_1_307' title='bbox 2104 1569 2358 1625; x_wconf 90' lang='lat' dir='ltr'><strong>civilibus</strong></span> <span class='ocrx_word' id='word_1_308' title='bbox 2379 1610 2394 1636; x_wconf 90' lang='lat'><strong>,</strong></span> <span class='ocrx_word' id='word_1_309' title='bbox 2426 1549 2548 1640; x_wconf 69' lang='lat' dir='ltr'><strong>qua:</strong></span> <span class='ocrx_word' id='word_1_310' title='bbox 2573 1565 2832 1632; x_wconf 87' lang='lat' dir='ltr'><strong>paulatim</strong></span> <span class='ocrx_word' id='word_1_311' title='bbox 2866 1565 3214 1620; x_wconf 72' lang='lat' dir='ltr'><strong>decoxcrant.</strong></span> 
     </span>
    </p>
   </div>
   <div class='ocr_carea' id='block_1_44' title="bbox 2174 1649 3678 1725">
    <p class='ocr_par' dir='ltr' id='par_1_44' title="bbox 2174 1649 3678 1725">
     <span class='ocr_line' id='line_1_44' title="bbox 2174 1649 3678 1725; baseline -0.007 -13"><span class='ocrx_word' id='word_1_312' title='bbox 2174 1657 2547 1725; x_wconf 76' lang='lat' dir='ltr'><strong>Postremo&#39;,de</strong></span> <span class='ocrx_word' id='word_1_313' title='bbox 2579 1655 2876 1724; x_wconf 87' lang='lat' dir='ltr'><strong>majoribus</strong></span> <span class='ocrx_word' id='word_1_314' title='bbox 2910 1668 2974 1706; x_wconf 88' lang='lat' dir='ltr'><strong>ac</strong></span> <span class='ocrx_word' id='word_1_315' title='bbox 2987 1649 3315 1705; x_wconf 81' lang='lat' dir='ltr'><strong>Victorianis</strong></span> <span class='ocrx_word' id='word_1_316' title='bbox 3342 1650 3531 1720; x_wconf 78' lang='lat' dir='ltr'><strong>cyclis,</strong></span> <span class='ocrx_word' id='word_1_317' title='bbox 3551 1650 3678 1720; x_wconf 92' lang='lat' dir='ltr'><strong>qui-</strong></span> 
     </span>
    </p>
   </div>
   <div class='ocr_carea' id='block_1_45' title="bbox 2105 1741 3679 1819">
    <p class='ocr_par' dir='ltr' id='par_1_45' title="bbox 2105 1741 3679 1819">
     <span class='ocr_line' id='line_1_45' title="bbox 2105 1741 3679 1819; baseline -0.009 -11"><span class='ocrx_word' id='word_1_318' title='bbox 2105 1753 2207 1808; x_wconf 86' lang='lat' dir='ltr'><strong>bus</strong></span> <span class='ocrx_word' id='word_1_319' title='bbox 2233 1749 2688 1819; x_wconf 90' lang='lat' dir='ltr'><strong>undecuplatores</strong></span> <span class='ocrx_word' id='word_1_320' title='bbox 2706 1785 2720 1808; x_wconf 90' lang='lat'><strong>,</strong></span> <span class='ocrx_word' id='word_1_321' title='bbox 2750 1747 2858 1799; x_wconf 90' lang='lat' dir='ltr'><strong>imo</strong></span> <span class='ocrx_word' id='word_1_322' title='bbox 2884 1743 3055 1799; x_wconf 70' lang='lat' dir='ltr'><strong>Graeci</strong></span> <span class='ocrx_word' id='word_1_323' title='bbox 3083 1757 3272 1797; x_wconf 92' lang='lat' dir='ltr'><strong>omnes</strong></span> <span class='ocrx_word' id='word_1_324' title='bbox 3299 1742 3354 1795; x_wconf 91' lang='lat' dir='ltr'><strong>in</strong></span> <span class='ocrx_word' id='word_1_325' title='bbox 3382 1741 3498 1797; x_wconf 92' lang='lat' dir='ltr'><strong>suis</strong></span> <span class='ocrx_word' id='word_1_326' title='bbox 3523 1756 3679 1795; x_wconf 91' lang='lat' dir='ltr'><strong>com-</strong></span> 
     </span>
    </p>
   </div>
   <div class='ocr_carea' id='block_1_46' title="bbox 2105 1833 3679 1916">
    <p class='ocr_par' dir='ltr' id='par_1_46' title="bbox 2105 1833 3679 1916">
     <span class='ocr_line' id='line_1_46' title="bbox 2105 1833 3679 1916; baseline -0.009 -16"><span class='ocrx_word' id='word_1_327' title='bbox 2105 1844 2252 1916; x_wconf 90' lang='lat' dir='ltr'><strong>putis</strong></span> <span class='ocrx_word' id='word_1_328' title='bbox 2293 1843 2382 1898; x_wconf 89' lang='lat' dir='ltr'><strong>usi</strong></span> <span class='ocrx_word' id='word_1_329' title='bbox 2430 1849 2591 1905; x_wconf 90' lang='lat' dir='ltr'><strong>sunt,</strong></span> <span class='ocrx_word' id='word_1_330' title='bbox 2626 1837 2908 1894; x_wconf 89' lang='lat' dir='ltr'><strong>sciendum</strong></span> <span class='ocrx_word' id='word_1_331' title='bbox 2954 1843 3039 1892; x_wconf 88' lang='lat' dir='ltr'><strong>est</strong></span> <span class='ocrx_word' id='word_1_332' title='bbox 3082 1834 3151 1889; x_wconf 88' lang='lat' dir='ltr'><strong>ab</strong></span> <span class='ocrx_word' id='word_1_333' title='bbox 3181 1833 3389 1888; x_wconf 82' lang='lat' dir='ltr'><strong>Adamo</strong></span> <span class='ocrx_word' id='word_1_334' title='bbox 3424 1834 3546 1889; x_wconf 91' lang='lat' dir='ltr'><strong>illos</strong></span> <span class='ocrx_word' id='word_1_335' title='bbox 3592 1834 3679 1887; x_wconf 91' lang='lat' dir='ltr'><strong>in-</strong></span> 
     </span>
    </p>
   </div>
   <div class='ocr_carea' id='block_1_47' title="bbox 2107 1925 3685 2008">
    <p class='ocr_par' dir='ltr' id='par_1_47' title="bbox 2107 1925 3685 2008">
     <span class='ocr_line' id='line_1_47' title="bbox 2107 1925 3685 2008; baseline -0.006 -15"><span class='ocrx_word' id='word_1_336' title='bbox 2107 1939 2327 2008; x_wconf 85' lang='lat' dir='ltr'><strong>cipere:</strong></span> <span class='ocrx_word' id='word_1_337' title='bbox 2361 1945 2423 1991; x_wconf 91' lang='lat' dir='ltr'><strong>ut</strong></span> <span class='ocrx_word' id='word_1_338' title='bbox 2454 1949 2522 1990; x_wconf 77' lang='lat' dir='ltr'><strong>ex</strong></span> <span class='ocrx_word' id='word_1_339' title='bbox 2554 1933 2704 1988; x_wconf 90' lang='lat' dir='ltr'><strong>calce</strong></span> <span class='ocrx_word' id='word_1_340' title='bbox 2736 1931 2980 2000; x_wconf 91' lang='lat' dir='ltr'><strong>computi</strong></span> <span class='ocrx_word' id='word_1_341' title='bbox 3013 1928 3231 1984; x_wconf 81' lang='lat' dir='ltr'><strong>Maximi</strong></span> <span class='ocrx_word' id='word_1_342' title='bbox 3264 1929 3558 1997; x_wconf 82' lang='lat' dir='ltr'><strong>colligitur.</strong></span> <span class='ocrx_word' id='word_1_343' title='bbox 3597 1925 3685 1982; x_wconf 88' lang='lat' dir='ltr'><strong>lbi-</strong></span> 
     </span>
    </p>
   </div>
   <div class='ocr_carea' id='block_1_48' title="bbox 2108 2021 3676 2100">
    <p class='ocr_par' dir='ltr' id='par_1_48' title="bbox 2108 2021 3676 2100">
     <span class='ocr_line' id='line_1_48' title="bbox 2108 2021 3676 2100; baseline -0.008 -14"><span class='ocrx_word' id='word_1_344' title='bbox 2108 2031 2255 2086; x_wconf 90' lang='lat' dir='ltr'><strong>enim</strong></span> <span class='ocrx_word' id='word_1_345' title='bbox 2284 2028 2424 2100; x_wconf 84' lang='lat' dir='ltr'><strong>cycli</strong></span> <span class='ocrx_word' id='word_1_346' title='bbox 2449 2024 2702 2081; x_wconf 89' lang='lat' dir='ltr'><strong>undecim</strong></span> <span class='ocrx_word' id='word_1_347' title='bbox 2727 2023 3067 2094; x_wconf 82' lang='lat' dir='ltr'><strong>explicantur</strong></span> <span class='ocrx_word' id='word_1_348' title='bbox 3090 2022 3159 2076; x_wconf 91' lang='lat' dir='ltr'><strong>ab</strong></span> <span class='ocrx_word' id='word_1_349' title='bbox 3184 2021 3334 2076; x_wconf 86' lang='lat' dir='ltr'><strong>orbis</strong></span> <span class='ocrx_word' id='word_1_350' title='bbox 3357 2021 3510 2074; x_wconf 88' lang='lat' dir='ltr'><strong>initio</strong></span> <span class='ocrx_word' id='word_1_351' title='bbox 3536 2037 3549 2085; x_wconf 91' lang='lat'>;</span> <span class='ocrx_word' id='word_1_352' title='bbox 3581 2035 3676 2073; x_wconf 79' lang='lat' dir='ltr'><strong>an-</strong></span> 
     </span>
    </p>
   </div>
   <div class='ocr_carea' id='block_1_49' title="bbox 2109 2109 3679 2192">
    <p class='ocr_par' dir='ltr' id='par_1_49' title="bbox 2109 2109 3679 2192">
     <span class='ocr_line' id='line_1_49' title="bbox 2109 2109 3679 2192; baseline -0.01 -15"><span class='ocrx_word' id='word_1_353' title='bbox 2109 2123 2277 2192; x_wconf 89' lang='lat' dir='ltr'><strong>nique</strong></span> <span class='ocrx_word' id='word_1_354' title='bbox 2311 2120 2368 2174; x_wconf 91' lang='lat' dir='ltr'><strong>in</strong></span> <span class='ocrx_word' id='word_1_355' title='bbox 2411 2132 2552 2188; x_wconf 88' lang='lat' dir='ltr'><strong>quos</strong></span> <span class='ocrx_word' id='word_1_356' title='bbox 2593 2115 2797 2187; x_wconf 72' lang='lat' dir='ltr'><strong>singuli</strong></span> <span class='ocrx_word' id='word_1_357' title='bbox 2841 2113 3099 2168; x_wconf 89' lang='lat' dir='ltr'><strong>desinunt</strong></span> <span class='ocrx_word' id='word_1_358' title='bbox 3145 2119 3426 2166; x_wconf 90' lang='lat' dir='ltr'><strong>notantur.</strong></span> <span class='ocrx_word' id='word_1_359' title='bbox 3471 2109 3679 2163; x_wconf 86' lang='lat' dir='ltr'><strong>Horum</strong></span> 
     </span>
    </p>
   </div>
   <div class='ocr_carea' id='block_1_50' title="bbox 2111 2200 3680 2270">
    <p class='ocr_par' dir='ltr' id='par_1_50' title="bbox 2111 2200 3680 2270">
     <span class='ocr_line' id='line_1_50' title="bbox 2111 2200 3680 2270; baseline -0.01 -2"><span class='ocrx_word' id='word_1_360' title='bbox 2111 2214 2338 2268; x_wconf 86' lang='lat' dir='ltr'><strong>ultimus</strong></span> <span class='ocrx_word' id='word_1_361' title='bbox 2391 2208 2676 2264; x_wconf 89' lang='lat' dir='ltr'><strong>terminari</strong></span> <span class='ocrx_word' id='word_1_362' title='bbox 2724 2205 2926 2260; x_wconf 88' lang='lat' dir='ltr'><strong>dicitur</strong></span> <span class='ocrx_word' id='word_1_363' title='bbox 2971 2206 3028 2258; x_wconf 91' lang='lat' dir='ltr'><strong>in</strong></span> <span class='ocrx_word' id='word_1_364' title='bbox 3084 2219 3230 2258; x_wconf 91' lang='lat' dir='ltr'><strong>anno</strong></span> <span class='ocrx_word' id='word_1_365' title='bbox 3279 2218 3410 2256; x_wconf 66' lang='grc' dir='ltr'><strong>χχιιι</strong></span> <span class='ocrx_word' id='word_1_366' title='bbox 3462 2200 3680 2270; x_wconf 88' lang='lat' dir='ltr'><strong>imperii</strong></span> 
     </span>
    </p>
   </div>
   <div class='ocr_carea' id='block_1_51' title="bbox 2110 2294 3686 2370">
    <p class='ocr_par' dir='ltr' id='par_1_51' title="bbox 2110 2294 3686 2370">
     <span class='ocr_line' id='line_1_51' title="bbox 2110 2294 3686 2370; baseline -0.011 -10"><span class='ocrx_word' id='word_1_367' title='bbox 2110 2302 2494 2366; x_wconf 89' lang='lat' dir='ltr'><strong>Constantini,</strong></span> <span class='ocrx_word' id='word_1_368' title='bbox 2546 2300 2638 2370; x_wconf 92' lang='lat' dir='ltr'><strong>qui</strong></span> <span class='ocrx_word' id='word_1_369' title='bbox 2672 2305 2895 2370; x_wconf 86' lang='lat' dir='ltr'><strong>putatur</strong></span> <span class='ocrx_word' id='word_1_370' title='bbox 2937 2295 3096 2351; x_wconf 77' lang='lat'><strong>5852.</strong></span> <span class='ocrx_word' id='word_1_371' title='bbox 3149 2294 3418 2349; x_wconf 90' lang='lat' dir='ltr'><strong>Detractis</strong></span> <span class='ocrx_word' id='word_1_372' title='bbox 3456 2308 3522 2347; x_wconf 78' lang='lat' dir='ltr'><strong>ex</strong></span> <span class='ocrx_word' id='word_1_373' title='bbox 3567 2307 3686 2346; x_wconf 85' lang='lat' dir='ltr'><strong>me-</strong></span> 
     </span>
    </p>
   </div>
   <div class='ocr_carea' id='block_1_52' title="bbox 2111 2381 3684 2457">
    <p class='ocr_par' dir='ltr' id='par_1_52' title="bbox 2111 2381 3684 2457">
     <span class='ocr_line' id='line_1_52' title="bbox 2111 2381 3684 2457; baseline -0.011 -7"><span class='ocrx_word' id='word_1_374' title='bbox 2111 2397 2281 2452; x_wconf 90' lang='lat' dir='ltr'><strong>thodo</strong></span> <span class='ocrx_word' id='word_1_375' title='bbox 2332 2391 2562 2448; x_wconf 88' lang='lat' dir='ltr'><strong>canonis</strong></span> <span class='ocrx_word' id='word_1_376' title='bbox 2615 2391 2651 2444; x_wconf 73' lang='grc'>2</span> <span class='ocrx_word' id='word_1_377' title='bbox 2702 2387 2900 2457; x_wconf 89' lang='lat' dir='ltr'><strong>capitis</strong></span> <span class='ocrx_word' id='word_1_378' title='bbox 2948 2401 3084 2450; x_wconf 77' lang='lat' dir='ltr'><strong>xm,</strong></span> <span class='ocrx_word' id='word_1_379' title='bbox 3125 2383 3248 2448; x_wconf 90' lang='lat'><strong>779,</strong></span> <span class='ocrx_word' id='word_1_380' title='bbox 3298 2381 3492 2451; x_wconf 89' lang='lat' dir='ltr'><strong>reliqui</strong></span> <span class='ocrx_word' id='word_1_381' title='bbox 3543 2383 3684 2433; x_wconf 83' lang='lat' dir='ltr'><strong>tiunt</strong></span> 
     </span>
    </p>
   </div>
   <div class='ocr_carea' id='block_1_53' title="bbox 2111 2471 3683 2558">
    <p class='ocr_par' dir='ltr' id='par_1_53' title="bbox 2111 2471 3683 2558">
     <span class='ocr_line' id='line_1_53' title="bbox 2111 2471 3683 2558; baseline -0.013 -14"><span class='ocrx_word' id='word_1_382' title='bbox 2111 2487 2241 2544; x_wconf 89' lang='lat' dir='ltr'><strong>anni</strong></span> <span class='ocrx_word' id='word_1_383' title='bbox 2283 2484 2494 2558; x_wconf 87' lang='lat' dir='ltr'><strong>periodi</strong></span> <span class='ocrx_word' id='word_1_384' title='bbox 2537 2482 2768 2537; x_wconf 81' lang='lat' dir='ltr'><strong>Julianae</strong></span> <span class='ocrx_word' id='word_1_385' title='bbox 2809 2479 2980 2543; x_wconf 77' lang='lat'><strong>5075,</strong></span> <span class='ocrx_word' id='word_1_386' title='bbox 3013 2477 3106 2548; x_wconf 90' lang='lat' dir='ltr'><strong>qui</strong></span> <span class='ocrx_word' id='word_1_387' title='bbox 3149 2485 3236 2530; x_wconf 87' lang='lat' dir='ltr'><strong>est</strong></span> <span class='ocrx_word' id='word_1_388' title='bbox 3262 2489 3440 2528; x_wconf 91' lang='lat' dir='ltr'><strong>annus</strong></span> <span class='ocrx_word' id='word_1_389' title='bbox 3474 2471 3683 2526; x_wconf 87' lang='lat' dir='ltr'><strong>Christi</strong></span> 
     </span>
    </p>
   </div>
   <div class='ocr_carea' id='block_1_54' title="bbox 2111 2564 3691 2640">
    <p class='ocr_par' dir='ltr' id='par_1_54' title="bbox 2111 2564 3691 2640">
     <span class='ocr_line' id='line_1_54' title="bbox 2111 2564 3691 2640; baseline -0.013 -4"><span class='ocrx_word' id='word_1_390' title='bbox 2111 2579 2420 2636; x_wconf 90' lang='lat' dir='ltr'><strong>communis</strong></span> <span class='ocrx_word' id='word_1_391' title='bbox 2473 2590 2662 2630; x_wconf 75' lang='lat' dir='ltr'><strong>cccu.</strong></span> <span class='ocrx_word' id='word_1_392' title='bbox 2719 2572 2899 2639; x_wconf 86' lang='lat' dir='ltr'><strong>Quare</strong></span> <span class='ocrx_word' id='word_1_393' title='bbox 2951 2585 3051 2640; x_wconf 91' lang='lat' dir='ltr'><strong>pro</strong></span> <span class='ocrx_word' id='word_1_394' title='bbox 3105 2566 3518 2621; x_wconf 81' lang='grc' dir='ltr'><strong>Κωνσταντίνου</strong></span> <span class='ocrx_word' id='word_1_395' title='bbox 3565 2564 3691 2633; x_wconf 78' lang='lat' dir='ltr'><strong>lege</strong></span> 
     </span>
    </p>
   </div>
   <div class='ocr_carea' id='block_1_55' title="bbox 2111 2656 3683 2735">
    <p class='ocr_par' dir='ltr' id='par_1_55' title="bbox 2111 2656 3683 2735">
     <span class='ocr_line' id='line_1_55' title="bbox 2111 2656 3683 2735; baseline -0.013 -7"><span class='ocrx_word' id='word_1_396' title='bbox 2111 2669 2524 2735; x_wconf 80' lang='grc' dir='ltr'><strong>Κωνσταντίου;</strong></span> <span class='ocrx_word' id='word_1_397' title='bbox 2556 2666 2660 2722; x_wconf 80' lang='lat' dir='ltr'><strong>fuit</strong></span> <span class='ocrx_word' id='word_1_398' title='bbox 2686 2666 2830 2720; x_wconf 90' lang='lat' dir='ltr'><strong>enim</strong></span> <span class='ocrx_word' id='word_1_399' title='bbox 2875 2676 3004 2717; x_wconf 81' lang='lat' dir='ltr'><strong>xxtv</strong></span> <span class='ocrx_word' id='word_1_400' title='bbox 3045 2657 3371 2714; x_wconf 88' lang='lat' dir='ltr'><strong>Constantii.</strong></span> <span class='ocrx_word' id='word_1_401' title='bbox 3411 2656 3579 2727; x_wconf 82' lang='lat' dir='ltr'><strong>Igitur</strong></span> <span class='ocrx_word' id='word_1_402' title='bbox 3622 2656 3683 2708; x_wconf 88' lang='lat' dir='ltr'><strong>in</strong></span> 
     </span>
    </p>
   </div>
   <div class='ocr_carea' id='block_1_56' title="bbox 2111 2746 3690 2826">
    <p class='ocr_par' dir='ltr' id='par_1_56' title="bbox 2111 2746 3690 2826">
     <span class='ocr_line' id='line_1_56' title="bbox 2111 2746 3690 2826; baseline -0.012 -6"><span class='ocrx_word' id='word_1_403' title='bbox 2111 2780 2221 2820; x_wconf 62' lang='lat' dir='ltr'><strong>atra</strong></span> <span class='ocrx_word' id='word_1_404' title='bbox 2249 2755 3010 2826; x_wconf 78' lang='lat' dir='ltr'><strong>Alexandrina,duodecimus</strong></span> <span class='ocrx_word' id='word_1_405' title='bbox 3042 2753 3227 2823; x_wconf 80' lang='lat' dir='ltr'><strong>cyclus</strong></span> <span class='ocrx_word' id='word_1_406' title='bbox 3261 2749 3524 2804; x_wconf 80' lang='lat' dir='ltr'><strong>Victorini</strong></span> <span class='ocrx_word' id='word_1_407' title='bbox 3562 2746 3690 2802; x_wconf 79' lang='lat' dir='ltr'><strong>iniit</strong></span> 
     </span>
    </p>
   </div>
   <div class='ocr_carea' id='block_1_57' title="bbox 2114 2839 3688 2913">
    <p class='ocr_par' dir='ltr' id='par_1_57' title="bbox 2114 2839 3688 2913">
     <span class='ocr_line' id='line_1_57' title="bbox 2114 2839 3688 2913; baseline -0.016 1"><span class='ocrx_word' id='word_1_408' title='bbox 2114 2872 2259 2913; x_wconf 91' lang='lat' dir='ltr'><strong>anno</strong></span> <span class='ocrx_word' id='word_1_409' title='bbox 2291 2853 2494 2912; x_wconf 89' lang='lat' dir='ltr'><strong>Christi</strong></span> <span class='ocrx_word' id='word_1_410' title='bbox 2529 2865 2740 2907; x_wconf 74' lang='lat' dir='ltr'><strong>cccnxr.</strong></span> <span class='ocrx_word' id='word_1_411' title='bbox 2772 2847 2891 2903; x_wconf 86' lang='lat' dir='ltr'><strong>Jam</strong></span> <span class='ocrx_word' id='word_1_412' title='bbox 2922 2860 3050 2900; x_wconf 88' lang='lat' dir='ltr'><strong>vero</strong></span> <span class='ocrx_word' id='word_1_413' title='bbox 3075 2841 3325 2898; x_wconf 89' lang='lat' dir='ltr'><strong>deductis</strong></span> <span class='ocrx_word' id='word_1_414' title='bbox 3357 2840 3461 2894; x_wconf 88' lang='lat'><strong>795</strong></span> <span class='ocrx_word' id='word_1_415' title='bbox 3488 2839 3556 2893; x_wconf 90' lang='lat' dir='ltr'><strong>de</strong></span> <span class='ocrx_word' id='word_1_416' title='bbox 3586 2853 3688 2890; x_wconf 89' lang='lat' dir='ltr'><strong>an-</strong></span> 
     </span>
    </p>
   </div>
   <div class='ocr_carea' id='block_1_58' title="bbox 2113 2929 3689 3014">
    <p class='ocr_par' dir='ltr' id='par_1_58' title="bbox 2113 2929 3689 3014">
     <span class='ocr_line' id='line_1_58' title="bbox 2113 2929 3689 3014; baseline -0.015 -7"><span class='ocrx_word' id='word_1_417' title='bbox 2113 2952 2202 3008; x_wconf 89' lang='lat' dir='ltr'><strong>nis</strong></span> <span class='ocrx_word' id='word_1_418' title='bbox 2226 2948 2386 3014; x_wconf 70' lang='lat'><strong>5852,</strong></span> <span class='ocrx_word' id='word_1_419' title='bbox 2415 2953 2588 3002; x_wconf 89' lang='lat' dir='ltr'><strong>restat</strong></span> <span class='ocrx_word' id='word_1_420' title='bbox 2608 2942 2748 2999; x_wconf 88' lang='lat'><strong>5057</strong></span> <span class='ocrx_word' id='word_1_421' title='bbox 2771 2939 2977 3011; x_wconf 87' lang='lat' dir='ltr'><strong>periodi</strong></span> <span class='ocrx_word' id='word_1_422' title='bbox 3000 2937 3229 2992; x_wconf 72' lang='lat' dir='ltr'><strong>Julianze</strong></span> <span class='ocrx_word' id='word_1_423' title='bbox 3255 2933 3346 3004; x_wconf 93' lang='lat' dir='ltr'><strong>qui</strong></span> <span class='ocrx_word' id='word_1_424' title='bbox 3375 2940 3457 2987; x_wconf 88' lang='lat' dir='ltr'><strong>est</strong></span> <span class='ocrx_word' id='word_1_425' title='bbox 3479 2929 3689 2986; x_wconf 89' lang='lat' dir='ltr'><strong>Christi</strong></span> 
     </span>
    </p>
   </div>
   <div class='ocr_carea' id='block_1_59' title="bbox 2114 3021 3689 3112">
    <p class='ocr_par' dir='ltr' id='par_1_59' title="bbox 2114 3021 3689 3112">
     <span class='ocr_line' id='line_1_59' title="bbox 2114 3021 3689 3112; baseline -0.017 -14"><span class='ocrx_word' id='word_1_426' title='bbox 2114 3040 2356 3112; x_wconf 79' lang='lat' dir='ltr'><strong>vulgaris</strong></span> <span class='ocrx_word' id='word_1_427' title='bbox 2389 3051 2636 3100; x_wconf 77' lang='lat' dir='ltr'><strong>cccxuv,</strong></span> <span class='ocrx_word' id='word_1_428' title='bbox 2666 3047 2778 3104; x_wconf 87' lang='lat' dir='ltr'><strong>quo</strong></span> <span class='ocrx_word' id='word_1_429' title='bbox 2812 3031 2868 3084; x_wconf 90' lang='lat' dir='ltr'><strong>in</strong></span> <span class='ocrx_word' id='word_1_430' title='bbox 2899 3036 3155 3098; x_wconf 86' lang='lat' dir='ltr'><strong>computo</strong></span> <span class='ocrx_word' id='word_1_431' title='bbox 3185 3021 3689 3090; x_wconf 89' lang='lat' dir='ltr'><strong>Constantinopoli-</strong></span> 
     </span>
    </p>
   </div>
   <div class='ocr_carea' id='block_1_60' title="bbox 2114 3110 3690 3196">
    <p class='ocr_par' dir='ltr' id='par_1_60' title="bbox 2114 3110 3690 3196">
     <span class='ocr_line' id='line_1_60' title="bbox 2114 3110 3690 3196; baseline -0.015 -9"><span class='ocrx_word' id='word_1_432' title='bbox 2114 3110 2281 3196; x_wconf 83' lang='lat' dir='ltr'><strong>tano,</strong></span> <span class='ocrx_word' id='word_1_433' title='bbox 2327 3137 2383 3185; x_wconf 87' lang='lat' dir='ltr'><strong>et</strong></span> <span class='ocrx_word' id='word_1_434' title='bbox 2429 3125 2918 3196; x_wconf 82' lang='lat' dir='ltr'><strong>undecuplatorum</strong></span> <span class='ocrx_word' id='word_1_435' title='bbox 2963 3118 3289 3174; x_wconf 88' lang='lat' dir='ltr'><strong>terminatus</strong></span> <span class='ocrx_word' id='word_1_436' title='bbox 3333 3123 3417 3169; x_wconf 89' lang='lat' dir='ltr'><strong>est</strong></span> <span class='ocrx_word' id='word_1_437' title='bbox 3463 3110 3690 3166; x_wconf 89' lang='lat' dir='ltr'><strong>undeci-</strong></span> 
     </span>
    </p>
   </div>
   <div class='ocr_carea' id='block_1_61' title="bbox 442 3209 3692 3316">
    <p class='ocr_par' dir='ltr' id='par_1_61' title="bbox 442 3209 3692 3316">
     <span class='ocr_line' id='line_1_61' title="bbox 442 3209 3692 3316; baseline -0.007 -39"><span class='ocrx_word' id='word_1_438' title='bbox 442 3239 642 3294; x_wconf 89' lang='lat' dir='ltr'><strong>maque</strong></span> <span class='ocrx_word' id='word_1_439' title='bbox 677 3239 774 3296; x_wconf 91' lang='lat' dir='ltr'><strong>per</strong></span> <span class='ocrx_word' id='word_1_440' title='bbox 811 3227 880 3282; x_wconf 78' lang='lat'><strong>50</strong></span> <span class='ocrx_word' id='word_1_441' title='bbox 912 3227 1148 3297; x_wconf 87' lang='lat' dir='ltr'><strong>partita,</strong></span> <span class='ocrx_word' id='word_1_442' title='bbox 1186 3227 1394 3283; x_wconf 92' lang='lat' dir='ltr'><strong>residui</strong></span> <span class='ocrx_word' id='word_1_443' title='bbox 1432 3236 1563 3284; x_wconf 91' lang='lat' dir='ltr'><strong>sunt</strong></span> <span class='ocrx_word' id='word_1_444' title='bbox 1599 3227 1718 3284; x_wconf 88' lang='lat' dir='ltr'><strong>dies</strong></span> <span class='ocrx_word' id='word_1_445' title='bbox 1755 3229 1822 3282; x_wconf 75' lang='grc'><strong>14</strong></span> <span class='ocrx_word' id='word_1_446' title='bbox 1843 3269 1858 3293; x_wconf 86' lang='grc'><em>,</em></span> <span class='ocrx_word' id='word_1_447' title='bbox 1905 3229 2008 3284; x_wconf 71' lang='lat'><strong>54&#39;.</strong></span> <span class='ocrx_word' id='word_1_448' title='bbox 2044 3252 2090 3316; x_wconf 68' lang='grc' dir='ltr'>ο</span> <span class='ocrx_word' id='word_1_449' title='bbox 2119 3239 2242 3279; x_wconf 89' lang='lat' dir='ltr'><strong>mus</strong></span> <span class='ocrx_word' id='word_1_450' title='bbox 2259 3219 2528 3276; x_wconf 82' lang='lat' dir='ltr'><strong>Victorini</strong></span> <span class='ocrx_word' id='word_1_451' title='bbox 2554 3217 2772 3289; x_wconf 90' lang='lat' dir='ltr'><strong>cyclus;</strong></span> <span class='ocrx_word' id='word_1_452' title='bbox 2796 3220 2850 3268; x_wconf 90' lang='lat' dir='ltr'><strong>et</strong></span> <span class='ocrx_word' id='word_1_453' title='bbox 2874 3209 3232 3316; x_wconf 74' lang='lat' dir='ltr'><strong>duodecimus</strong></span> <span class='ocrx_word' id='word_1_454' title='bbox 3257 3219 3399 3308; x_wconf 78' lang='lat' dir='ltr'><strong>anno</strong></span> <span class='ocrx_word' id='word_1_455' title='bbox 3427 3209 3692 3316; x_wconf 72' lang='lat' dir='ltr'><strong>sequente</strong></span> 
     </span>
    </p>
   </div>
   <div class='ocr_carea' id='block_1_62' title="bbox 441 3315 2016 3390">
    <p class='ocr_par' dir='ltr' id='par_1_62' title="bbox 441 3315 2016 3390">
     <span class='ocr_line' id='line_1_62' title="bbox 441 3315 2016 3390; baseline 0.004 -22"><span class='ocrx_word' id='word_1_456' title='bbox 441 3315 606 3385; x_wconf 78' lang='lat' dir='ltr'><strong>Atqui</strong></span> <span class='ocrx_word' id='word_1_457' title='bbox 637 3317 902 3372; x_wconf 85' lang='lat' dir='ltr'><strong>terminus</strong></span> <span class='ocrx_word' id='word_1_458' title='bbox 932 3316 1208 3374; x_wconf 84' lang='lat' dir='ltr'><strong>Paschalis</strong></span> <span class='ocrx_word' id='word_1_459' title='bbox 1231 3319 1384 3390; x_wconf 78' lang='lat' dir='ltr'><strong>cyclo</strong></span> <span class='ocrx_word' id='word_1_460' title='bbox 1409 3333 1542 3373; x_wconf 81' lang='lat' dir='ltr'><strong>mu</strong></span> <span class='ocrx_word' id='word_1_461' title='bbox 1565 3319 1784 3374; x_wconf 88' lang='lat' dir='ltr'><strong>nonnisi</strong></span> <span class='ocrx_word' id='word_1_462' title='bbox 1807 3319 2016 3374; x_wconf 89' lang='lat' dir='ltr'><strong>decima</strong></span> 
     </span>
    </p>
   </div>
   <div class='ocr_carea' id='block_1_63' title="bbox 443 3409 2018 3480">
    <p class='ocr_par' dir='ltr' id='par_1_63' title="bbox 443 3409 2018 3480">
     <span class='ocr_line' id='line_1_63' title="bbox 443 3409 2018 3480; baseline 0.003 -20"><span class='ocrx_word' id='word_1_463' title='bbox 443 3413 643 3477; x_wconf 87' lang='lat' dir='ltr'><strong>quarta</strong></span> <span class='ocrx_word' id='word_1_464' title='bbox 689 3416 1039 3479; x_wconf 86' lang='lat' dir='ltr'><strong>computatur</strong></span> <span class='ocrx_word' id='word_1_465' title='bbox 1085 3409 1139 3463; x_wconf 93' lang='lat' dir='ltr'><strong>in</strong></span> <span class='ocrx_word' id='word_1_466' title='bbox 1178 3409 1443 3466; x_wconf 90' lang='lat' dir='ltr'><strong>laterculo</strong></span> <span class='ocrx_word' id='word_1_467' title='bbox 1481 3410 1730 3467; x_wconf 92' lang='lat' dir='ltr'><strong>sinistro.</strong></span> <span class='ocrx_word' id='word_1_468' title='bbox 1781 3411 2018 3480; x_wconf 86' lang='lat' dir='ltr'><strong>Apparet</strong></span> 
     </span>
    </p>
   </div>
   <div class='ocr_carea' id='block_1_64' title="bbox 443 3499 2014 3572">
    <p class='ocr_par' dir='ltr' id='par_1_64' title="bbox 443 3499 2014 3572">
     <span class='ocr_line' id='line_1_64' title="bbox 443 3499 2014 3572; baseline 0.004 -22"><span class='ocrx_word' id='word_1_469' title='bbox 443 3513 607 3568; x_wconf 75' lang='lat' dir='ltr'><strong>ergo,</strong></span> <span class='ocrx_word' id='word_1_470' title='bbox 641 3501 891 3570; x_wconf 86' lang='lat' dir='ltr'><strong>quamvis</strong></span> <span class='ocrx_word' id='word_1_471' title='bbox 929 3499 1164 3555; x_wconf 91' lang='lat' dir='ltr'><strong>solidum</strong></span> <span class='ocrx_word' id='word_1_472' title='bbox 1201 3502 1342 3556; x_wconf 88' lang='lat' dir='ltr'><strong>diem</strong></span> <span class='ocrx_word' id='word_1_473' title='bbox 1372 3517 1534 3572; x_wconf 85' lang='lat' dir='ltr'><strong>quam</strong></span> <span class='ocrx_word' id='word_1_474' title='bbox 1570 3502 1817 3572; x_wconf 80' lang='lat' dir='ltr'><strong>proxime</strong></span> <span class='ocrx_word' id='word_1_475' title='bbox 1855 3517 2014 3557; x_wconf 83' lang='lat' dir='ltr'><strong>sexa-</strong></span> 
     </span>
    </p>
   </div>
   <div class='ocr_carea' id='block_1_65' title="bbox 448 3590 2016 3664">
    <p class='ocr_par' dir='ltr' id='par_1_65' title="bbox 448 3590 2016 3664">
     <span class='ocr_line' id='line_1_65' title="bbox 448 3590 2016 3664; baseline 0.003 -20"><span class='ocrx_word' id='word_1_476' title='bbox 448 3590 782 3660; x_wconf 70' lang='lat' dir='ltr'><strong>ges-imarum</strong></span> <span class='ocrx_word' id='word_1_477' title='bbox 833 3591 1081 3648; x_wconf 88' lang='lat' dir='ltr'><strong>calculus</strong></span> <span class='ocrx_word' id='word_1_478' title='bbox 1128 3595 1390 3664; x_wconf 81' lang='lat' dir='ltr'><strong>attingat,</strong></span> <span class='ocrx_word' id='word_1_479' title='bbox 1428 3595 1536 3651; x_wconf 90' lang='lat' dir='ltr'><strong>nisi</strong></span> <span class='ocrx_word' id='word_1_480' title='bbox 1568 3595 1818 3650; x_wconf 91' lang='lat' dir='ltr'><strong>eumdem</strong></span> <span class='ocrx_word' id='word_1_481' title='bbox 1865 3609 2016 3650; x_wconf 82' lang='lat' dir='ltr'><strong>com-</strong></span> 
     </span>
    </p>
   </div>
   <div class='ocr_carea' id='block_1_66' title="bbox 446 3682 2016 3757">
    <p class='ocr_par' dir='ltr' id='par_1_66' title="bbox 446 3682 2016 3757">
     <span class='ocr_line' id='line_1_66' title="bbox 446 3682 2016 3757; baseline 0.004 -23"><span class='ocrx_word' id='word_1_482' title='bbox 446 3682 620 3752; x_wconf 85' lang='lat' dir='ltr'><strong>pleat,</strong></span> <span class='ocrx_word' id='word_1_483' title='bbox 657 3682 714 3736; x_wconf 89' lang='lat' dir='ltr'><strong>in</strong></span> <span class='ocrx_word' id='word_1_484' title='bbox 753 3698 1045 3739; x_wconf 87' lang='lat' dir='ltr'><strong>numerum</strong></span> <span class='ocrx_word' id='word_1_485' title='bbox 1085 3685 1310 3742; x_wconf 89' lang='lat' dir='ltr'><strong>minime</strong></span> <span class='ocrx_word' id='word_1_486' title='bbox 1343 3685 1641 3756; x_wconf 88' lang='lat' dir='ltr'><strong>procedere</strong></span> <span class='ocrx_word' id='word_1_487' title='bbox 1661 3727 1676 3750; x_wconf 95' lang='lat'><strong>,</strong></span> <span class='ocrx_word' id='word_1_488' title='bbox 1706 3685 1854 3757; x_wconf 90' lang='lat' dir='ltr'><strong>quod</strong></span> <span class='ocrx_word' id='word_1_489' title='bbox 1884 3700 2016 3742; x_wconf 87' lang='lat' dir='ltr'><strong>sane</strong></span> 
     </span>
    </p>
   </div>
   <div class='ocr_carea' id='block_1_67' title="bbox 444 3775 2016 3847">
    <p class='ocr_par' dir='ltr' id='par_1_67' title="bbox 444 3775 2016 3847">
     <span class='ocr_line' id='line_1_67' title="bbox 444 3775 2016 3847; baseline 0.001 -18"><span class='ocrx_word' id='word_1_490' title='bbox 444 3775 737 3832; x_wconf 87' lang='lat' dir='ltr'><strong>ridiculum</strong></span> <span class='ocrx_word' id='word_1_491' title='bbox 767 3783 884 3843; x_wconf 90' lang='lat' dir='ltr'><strong>est,</strong></span> <span class='ocrx_word' id='word_1_492' title='bbox 919 3783 1056 3831; x_wconf 92' lang='lat' dir='ltr'><strong>utet</strong></span> <span class='ocrx_word' id='word_1_493' title='bbox 1083 3775 1315 3832; x_wconf 83' lang='lat' dir='ltr'><strong>Maximo</strong></span> <span class='ocrx_word' id='word_1_494' title='bbox 1343 3778 1576 3833; x_wconf 87' lang='lat' dir='ltr'><strong>videtur.</strong></span> <span class='ocrx_word' id='word_1_495' title='bbox 1613 3775 1799 3847; x_wconf 87' lang='lat' dir='ltr'><strong>Neque</strong></span> <span class='ocrx_word' id='word_1_496' title='bbox 1832 3784 2016 3831; x_wconf 90' lang='lat' dir='ltr'><strong>tamen</strong></span> 
     </span>
    </p>
   </div>
   <div class='ocr_carea' id='block_1_68' title="bbox 446 3867 2018 3939">
    <p class='ocr_par' dir='ltr' id='par_1_68' title="bbox 446 3867 2018 3939">
     <span class='ocr_line' id='line_1_68' title="bbox 446 3867 2018 3939; baseline 0.001 -18"><span class='ocrx_word' id='word_1_497' title='bbox 446 3869 666 3939; x_wconf 72' lang='lat' dir='ltr'><strong>gravior</strong></span> <span class='ocrx_word' id='word_1_498' title='bbox 702 3867 848 3932; x_wconf 88' lang='lat' dir='ltr'><strong>inde,</strong></span> <span class='ocrx_word' id='word_1_499' title='bbox 883 3884 1049 3938; x_wconf 92' lang='lat' dir='ltr'><strong>quam</strong></span> <span class='ocrx_word' id='word_1_500' title='bbox 1083 3869 1402 3926; x_wconf 92' lang='lat' dir='ltr'><strong>stoliditatis</strong></span> <span class='ocrx_word' id='word_1_501' title='bbox 1435 3868 1760 3924; x_wconf 90' lang='lat' dir='ltr'><strong>ascribenda</strong></span> <span class='ocrx_word' id='word_1_502' title='bbox 1791 3869 1901 3924; x_wconf 91' lang='lat' dir='ltr'><strong>illis</strong></span> <span class='ocrx_word' id='word_1_503' title='bbox 1932 3877 2018 3924; x_wconf 91' lang='lat' dir='ltr'><strong>est</strong></span> 
     </span>
    </p>
   </div>
   <div class='ocr_carea' id='block_1_69' title="bbox 446 3958 2014 4030">
    <p class='ocr_par' dir='ltr' id='par_1_69' title="bbox 446 3958 2014 4030">
     <span class='ocr_line' id='line_1_69' title="bbox 446 3958 2014 4030; baseline 0.001 -16"><span class='ocrx_word' id='word_1_504' title='bbox 446 3964 620 4015; x_wconf 85' lang='lat' dir='ltr'><strong>nota:</strong></span> <span class='ocrx_word' id='word_1_505' title='bbox 655 3958 923 4030; x_wconf 83' lang='lat' dir='ltr'><strong>siquidem</strong></span> <span class='ocrx_word' id='word_1_506' title='bbox 947 3961 1002 4015; x_wconf 86' lang='lat' dir='ltr'><strong>in</strong></span> <span class='ocrx_word' id='word_1_507' title='bbox 1043 3959 1311 4018; x_wconf 87' lang='lat' dir='ltr'><strong>Paschate</strong></span> <span class='ocrx_word' id='word_1_508' title='bbox 1338 3961 1474 4016; x_wconf 89' lang='lat' dir='ltr'><strong>nihil</strong></span> <span class='ocrx_word' id='word_1_509' title='bbox 1501 3976 1533 4016; x_wconf 88' lang='lat' dir='ltr'><strong>a</strong></span> <span class='ocrx_word' id='word_1_510' title='bbox 1566 3959 1868 4016; x_wconf 90' lang='lat' dir='ltr'><strong>Catholicis</strong></span> <span class='ocrx_word' id='word_1_511' title='bbox 1899 3959 2014 4015; x_wconf 85' lang='lat' dir='ltr'><strong>dis—</strong></span> 
     </span>
    </p>
   </div>
   <div class='ocr_carea' id='block_1_70' title="bbox 2123 3292 3692 3373">
    <p class='ocr_par' dir='ltr' id='par_1_70' title="bbox 2123 3292 3692 3373">
     <span class='ocr_line' id='line_1_70' title="bbox 2123 3292 3692 3373; baseline -0.018 0"><span class='ocrx_word' id='word_1_512' title='bbox 2123 3331 2324 3373; x_wconf 79' lang='lat' dir='ltr'><strong>ccchv</strong></span> <span class='ocrx_word' id='word_1_513' title='bbox 2357 3312 2648 3369; x_wconf 90' lang='lat' dir='ltr'><strong>inchoatus</strong></span> <span class='ocrx_word' id='word_1_514' title='bbox 2682 3314 2785 3363; x_wconf 90' lang='lat' dir='ltr'><strong>est.</strong></span> <span class='ocrx_word' id='word_1_515' title='bbox 2822 3300 3186 3371; x_wconf 74' lang='lat' dir='ltr'><strong>Quamobrem</strong></span> <span class='ocrx_word' id='word_1_516' title='bbox 3207 3338 3222 3364; x_wconf 96' lang='lat'><strong>,</strong></span> <span class='ocrx_word' id='word_1_517' title='bbox 3254 3297 3300 3353; x_wconf 90' lang='lat' dir='ltr'><strong>si</strong></span> <span class='ocrx_word' id='word_1_518' title='bbox 3329 3310 3503 3350; x_wconf 90' lang='lat' dir='ltr'><strong>annos</strong></span> <span class='ocrx_word' id='word_1_519' title='bbox 3541 3292 3692 3348; x_wconf 90' lang='lat' dir='ltr'><strong>solos</strong></span> 
     </span>
    </p>
   </div>
   <div class='ocr_carea' id='block_1_71' title="bbox 2123 3383 3692 3463">
    <p class='ocr_par' dir='ltr' id='par_1_71' title="bbox 2123 3383 3692 3463">
     <span class='ocr_line' id='line_1_71' title="bbox 2123 3383 3692 3463; baseline -0.017 0"><span class='ocrx_word' id='word_1_520' title='bbox 2123 3421 2359 3463; x_wconf 62' lang='lat' dir='ltr'><strong>terarum</strong></span> <span class='ocrx_word' id='word_1_521' title='bbox 2395 3403 2712 3460; x_wconf 63' lang='lat' dir='ltr'><strong>Graecarum</strong></span> <span class='ocrx_word' id='word_1_522' title='bbox 2746 3397 3007 3453; x_wconf 88' lang='lat' dir='ltr'><strong>adhibeas</strong></span> <span class='ocrx_word' id='word_1_523' title='bbox 3034 3433 3050 3458; x_wconf 92' lang='lat'><strong>,</strong></span> <span class='ocrx_word' id='word_1_524' title='bbox 3103 3391 3295 3446; x_wconf 91' lang='lat' dir='ltr'><strong>iisdem</strong></span> <span class='ocrx_word' id='word_1_525' title='bbox 3347 3387 3505 3442; x_wconf 88' lang='lat' dir='ltr'><strong>annis</strong></span> <span class='ocrx_word' id='word_1_526' title='bbox 3543 3383 3692 3440; x_wconf 91' lang='lat' dir='ltr'><strong>desi-</strong></span> 
     </span>
    </p>
   </div>
   <div class='ocr_carea' id='block_1_72' title="bbox 2123 3479 3698 3563">
    <p class='ocr_par' dir='ltr' id='par_1_72' title="bbox 2123 3479 3698 3563">
     <span class='ocr_line' id='line_1_72' title="bbox 2123 3479 3698 3563; baseline -0.018 -7"><span class='ocrx_word' id='word_1_527' title='bbox 2123 3507 2282 3563; x_wconf 90' lang='lat' dir='ltr'><strong>nunt,</strong></span> <span class='ocrx_word' id='word_1_528' title='bbox 2315 3498 2572 3552; x_wconf 90' lang='lat' dir='ltr'><strong>ineuntve</strong></span> <span class='ocrx_word' id='word_1_529' title='bbox 2600 3488 2926 3556; x_wconf 79' lang='lat' dir='ltr'><strong>lVictoriani</strong></span> <span class='ocrx_word' id='word_1_530' title='bbox 2971 3485 3132 3556; x_wconf 80' lang='lat' dir='ltr'><strong>cycli.</strong></span> <span class='ocrx_word' id='word_1_531' title='bbox 3175 3481 3272 3537; x_wconf 87' lang='lat' dir='ltr'><strong>Sin</strong></span> <span class='ocrx_word' id='word_1_532' title='bbox 3308 3479 3374 3533; x_wconf 90' lang='lat' dir='ltr'><strong>ad</strong></span> <span class='ocrx_word' id='word_1_533' title='bbox 3397 3491 3542 3532; x_wconf 90' lang='lat' dir='ltr'><strong>anno</strong></span> <span class='ocrx_word' id='word_1_534' title='bbox 3571 3489 3698 3529; x_wconf 64' lang='lat' dir='ltr'><strong>sane</strong></span> 
     </span>
    </p>
   </div>
   <div class='ocr_carea' id='block_1_73' title="bbox 2124 3566 3694 3649">
    <p class='ocr_par' dir='ltr' id='par_1_73' title="bbox 2124 3566 3694 3649">
     <span class='ocr_line' id='line_1_73' title="bbox 2124 3566 3694 3649; baseline -0.018 0"><span class='ocrx_word' id='word_1_535' title='bbox 2124 3591 2330 3649; x_wconf 90' lang='lat' dir='ltr'><strong>Christi</strong></span> <span class='ocrx_word' id='word_1_536' title='bbox 2372 3585 2679 3644; x_wconf 90' lang='lat' dir='ltr'><strong>communis</strong></span> <span class='ocrx_word' id='word_1_537' title='bbox 2713 3581 2920 3638; x_wconf 82' lang='lat' dir='ltr'><strong>referas</strong></span> <span class='ocrx_word' id='word_1_538' title='bbox 2943 3619 2959 3645; x_wconf 91' lang='lat'><strong>,</strong></span> <span class='ocrx_word' id='word_1_539' title='bbox 2992 3577 3150 3631; x_wconf 90' lang='lat' dir='ltr'><strong>annis</strong></span> <span class='ocrx_word' id='word_1_540' title='bbox 3196 3571 3432 3629; x_wconf 87' lang='lat' dir='ltr'><strong>sedecim</strong></span> <span class='ocrx_word' id='word_1_541' title='bbox 3480 3566 3694 3622; x_wconf 89' lang='lat' dir='ltr'><strong>tardius</strong></span> 
     </span>
    </p>
   </div>
   <div class='ocr_carea' id='block_1_74' title="bbox 2120 3656 3690 3744">
    <p class='ocr_par' dir='ltr' id='par_1_74' title="bbox 2120 3656 3690 3744">
     <span class='ocr_line' id='line_1_74' title="bbox 2120 3656 3690 3744; baseline -0.021 -4"><span class='ocrx_word' id='word_1_542' title='bbox 2120 3685 2178 3740; x_wconf 90' lang='lat' dir='ltr'><strong>in</strong></span> <span class='ocrx_word' id='word_1_543' title='bbox 2218 3679 2585 3738; x_wconf 82' lang='lat' dir='ltr'><strong>Alexandrina</strong></span> <span class='ocrx_word' id='word_1_544' title='bbox 2605 3719 2620 3744; x_wconf 93' lang='lat'><strong>,</strong></span> <span class='ocrx_word' id='word_1_545' title='bbox 2663 3688 2826 3744; x_wconf 92' lang='lat' dir='ltr'><strong>quam</strong></span> <span class='ocrx_word' id='word_1_546' title='bbox 2859 3671 2915 3725; x_wconf 93' lang='lat' dir='ltr'><strong>in</strong></span> <span class='ocrx_word' id='word_1_547' title='bbox 2945 3661 3545 3732; x_wconf 88' lang='lat' dir='ltr'><strong>Constantinopolitana</strong></span> <span class='ocrx_word' id='word_1_548' title='bbox 3569 3656 3690 3709; x_wconf 77' lang='lat' dir='ltr'><strong>{ini-</strong></span> 
     </span>
    </p>
   </div>
   <div class='ocr_carea' id='block_1_75' title="bbox 2123 3753 3694 3840">
    <p class='ocr_par' dir='ltr' id='par_1_75' title="bbox 2123 3753 3694 3840">
     <span class='ocr_line' id='line_1_75' title="bbox 2123 3753 3694 3840; baseline -0.021 -11"><span class='ocrx_word' id='word_1_549' title='bbox 2123 3779 2293 3829; x_wconf 87' lang='lat' dir='ltr'><strong>untur</strong></span> <span class='ocrx_word' id='word_1_550' title='bbox 2318 3787 2333 3837; x_wconf 93' lang='lat'><strong>;</strong></span> <span class='ocrx_word' id='word_1_551' title='bbox 2356 3763 2800 3840; x_wconf 91' lang='lat' dir='ltr'><strong>quandoquidem</strong></span> <span class='ocrx_word' id='word_1_552' title='bbox 2837 3765 2918 3815; x_wconf 92' lang='lat' dir='ltr'><strong>tot</strong></span> <span class='ocrx_word' id='word_1_553' title='bbox 2951 3755 3118 3825; x_wconf 40' lang='lat' dir='ltr'><strong>Zannis</strong></span> <span class='ocrx_word' id='word_1_554' title='bbox 3147 3753 3320 3822; x_wconf 89' lang='lat' dir='ltr'><strong>major</strong></span> <span class='ocrx_word' id='word_1_555' title='bbox 3357 3755 3441 3804; x_wconf 92' lang='lat' dir='ltr'><strong>est</strong></span> <span class='ocrx_word' id='word_1_556' title='bbox 3479 3758 3694 3802; x_wconf 86' lang='lat' dir='ltr'><strong>summa</strong></span> 
     </span>
    </p>
   </div>
   <div class='ocr_carea' id='block_1_76' title="bbox 2125 3838 3696 3921">
    <p class='ocr_par' dir='ltr' id='par_1_76' title="bbox 2125 3838 3696 3921">
     <span class='ocr_line' id='line_1_76' title="bbox 2125 3838 3696 3921; baseline -0.02 0"><span class='ocrx_word' id='word_1_557' title='bbox 2125 3867 2193 3921; x_wconf 90' lang='lat' dir='ltr'><strong>ab</strong></span> <span class='ocrx_word' id='word_1_558' title='bbox 2226 3838 2436 3919; x_wconf 80' lang='lat' dir='ltr'><strong>Adamo</strong></span> <span class='ocrx_word' id='word_1_559' title='bbox 2467 3860 2536 3916; x_wconf 91' lang='lat' dir='ltr'><strong>ad</strong></span> <span class='ocrx_word' id='word_1_560' title='bbox 2566 3858 2782 3914; x_wconf 89' lang='lat' dir='ltr'><strong>initium</strong></span> <span class='ocrx_word' id='word_1_561' title='bbox 2814 3867 2934 3908; x_wconf 76' lang='lat' dir='ltr'><strong>serae</strong></span> <span class='ocrx_word' id='word_1_562' title='bbox 2966 3847 3274 3905; x_wconf 88' lang='lat' dir='ltr'><strong>communis</strong></span> <span class='ocrx_word' id='word_1_563' title='bbox 3303 3844 3360 3900; x_wconf 92' lang='lat' dir='ltr'><strong>in</strong></span> <span class='ocrx_word' id='word_1_564' title='bbox 3390 3838 3696 3915; x_wconf 84' lang='lat' dir='ltr'><strong>posteriore</strong></span> 
     </span>
    </p>
   </div>
   <div class='ocr_carea' id='block_1_77' title="bbox 2125 3943 3112 4028">
    <p class='ocr_par' dir='ltr' id='par_1_77' title="bbox 2125 3943 3112 4028">
     <span class='ocr_line' id='line_1_77' title="bbox 2125 3943 3112 4028; baseline -0.017 -14"><span class='ocrx_word' id='word_1_565' title='bbox 2125 3965 2382 4028; x_wconf 90' lang='lat' dir='ltr'><strong>computo</strong></span> <span class='ocrx_word' id='word_1_566' title='bbox 2401 3997 2416 4023; x_wconf 89' lang='lat'><strong>,</strong></span> <span class='ocrx_word' id='word_1_567' title='bbox 2446 3967 2609 4025; x_wconf 88' lang='lat' dir='ltr'><strong>quam</strong></span> <span class='ocrx_word' id='word_1_568' title='bbox 2641 3950 2696 4004; x_wconf 91' lang='lat' dir='ltr'><strong>in</strong></span> <span class='ocrx_word' id='word_1_569' title='bbox 2726 3943 3112 4002; x_wconf 81' lang='lat' dir='ltr'><strong>Alexandrino.</strong></span> 
     </span>
    </p>
   </div>
  </div>
